4150 6167
150 294 204 355 tta

150 411 264 471 loannis
277 407 400 482 hposioli
416 418 429 447 ‘¹
446 409 534 481 Epist.
550 426 615 466 una.

150 508 270 568 hltcrius
284 505 399 562 loannis
412 504 568 580 presbyteri
584 506 713 579 Epistulae
726 505 797 564 clue.

149 600 225 658 luciae
239 597 373 658 zelotesb
388 597 512 670 Epistola
526 614 590 655 una.

185 789 324 849 Posthac
350 799 361 828 ⁰
385 801 482 844 omnes
509 786 697 858 propheticas,
714 794 743 843 ct
764 787 946 860 evangelicas,

149 894 231 957 atquc
254 881 442 954 apostolicas,
471 895 540 953 guas
563 882 692 953 superius
717 881 947 954 deprompsimus,

148 974 323 1047 Scripturas,
338 974 437 1045 ortibus
460 972 581 1030 Ecclesia
597 973 733 1030 calholica
750 990 799 1047 per
812 983 947 1032 terrarum

147 1069 246 1127 orbem
259 1081 274 1122 a
286 1066 344 1124 beo
359 1064 470 1122 tundata
483 1074 535 1133 est,
551 1067 633 1122 etiarn
648 1067 829 1123 intimandum
844 1067 948 1140 putavi·

147 1175 227 1229 tuus,
241 1160 312 1233 quod
336 1159 460 1231 quamvis
476 1159 612 1216 universae
627 1176 676 1233 per
690 1162 785 1217 orbern
806 1160 947 1219 catholicae

146 1255 257 1314 diflusa
281 1253 415 1311 Ecclesiae
438 1253 515 1325 quasi
535 1268 605 1308 unus
619 1252 720 1310 Christi
744 1255 880 1312 thalamus
900 1259 946 1328 sit,

145 1358 243 1407 sancta
257 1357 346 1404 tamen
357 1344 505 1403 homanad
521 1346 643 1404 Ecclesia
658 1363 672 1402 a
685 1349 823 1406 nonnullis
836 1350 948 1424 synodi-

145 1442 189 1498 cis
202 1439 446 1497 constitutionibus
467 1439 577 1496 ceteris
598 1440 725 1497 ccelesiis
746 1444 858 1513 praelata
875 1453 945 1501 est:

147 1532 198 1589 scd
212 1541 241 1589 et
254 1530 413 1603 evangelica
428 1546 495 1587 roca
509 1531 616 1588 Domini
631 1531 781 1589 Salvatoris
795 1536 882 1591 nostri
892 1537 949 1607 pri·

145 1637 251 1686 metunt
275 1626 395 1684 obtinuit
421 1644 427 1680 :
450 1625 491 1680 Ta
514 1643 551 1697 cr,
576 1626 678 1699 iuquit,
702 1627 809 1696 Petrus,
833 1639 947 1702 etraper

145 1724 216 1778 haue
230 1728 330 1794 petram
344 1718 480 1789 aedificato
496 1718 640 1774 Ecclesiam
656 1735 755 1788 areant,
770 1731 793 1775 et
808 1731 890 1792 porta
903 1722 946 1777 in-

453 294 645 354 DECllE'thl
665 296 711 354 uu
728 296 840 358 Ltuuls
860 297 1089 375 uectutuuuts,
1110 302 1155 360 El*
1173 302 1243 361 NON
1263 302 1493 363 uectutuuuts

1747 308 1800 367 lut

963 418 990 482 Α
1003 417 1088 474 cletas
1101 418 1251 477 beatissimi
1264 420 1340 477 Pauli
1353 424 1482 494 apostoli,
1498 424 1571 479 vasis
1584 425 1738 493 electionis
1754 425 1800 498 qui

1001 526 1054 566 uon
1069 510 1189 583 diverso,
1204 513 1275 569 sicut
1286 515 1408 571 heretici
1420 517 1575 587 garriuntr,
1590 519 1639 574 scil
1656 533 1710 576 uno
1731 530 1802 576 teni·

1000 618 1084 673 pore,
1099 620 1153 660 uno
1168 605 1318 678 codemque
1334 607 1389 673 uto,
1404 608 1522 678 gloriosa
1538 621 1627 668 uvorte
1639 627 1700 667 cum
1717 611 1799 669 Petro

1001 694 1028 750 in
1045 696 1113 752 urbo
1129 697 1214 753 horna
1232 699 1283 756 sub
1297 697 1406 756 Caesare
1422 700 1532 758 Neroua
1545 704 1703 775 agonizans,
1719 719 1800 762 coro·

1000 799 1135 848 natusest
1149 810 1156 847 z
1174 803 1202 848 et
1215 793 1318 864 pariter
1332 794 1520 865 supradictam
1534 795 1687 851 unitionem
1705 797 1801 854 Eccle-

1000 883 1068 940 siam
1091 883 1202 942 Christo
1219 886 1333 942 Domino
1356 898 1563 957 consecrarunt,
1578 890 1695 962 aliisque
1710 891 1800 948 onini-

999 976 1051 1032 bus
1066 978 1093 1032 in
1109 979 1237 1035 vtnirerso
1256 979 1358 1035 murtdo
1372 995 1421 1035 sua
1438 980 1585 1051 praeseutia
1608 992 1690 1055 atoue
1715 999 1800 1041 venc-

1000 1068 1088 1124 raudo
1100 1068 1238 1139 triumpho
1262 1070 1450 1139 praetulerunt.
1469 1072 1517 1128 list
1540 1087 1606 1145 crgo
1622 1073 1708 1145 prima
1723 1074 1798 1132 Petri

999 1161 1117 1231 apostoli
1132 1161 1212 1217 sedes
1226 1161 1348 1218 Ronrana
1368 1163 1503 1230 Ecclesia,
1517 1179 1570 1220 iton
1586 1165 1689 1223 habeus
1704 1182 1798 1222 macu-

999 1253 1065 1318 lant,
1080 1267 1169 1324 napae
1183 1269 1290 1325 rugam,
1306 1269 1356 1311 uec
1370 1255 1473 1327 aliquid
1490 1255 1657 1328 hujusmodi.
1670 1259 1798 1316 Secunda

1000 1354 1091 1402 autem
1115 1346 1195 1404 sedes
1220 1347 1292 1420 apud
1317 1348 1510 1405 Alexandriani
1537 1348 1547 1389 t
1571 1352 1645 1409 Petri
1669 1368 1684 1406 a
1706 1352 1797 1411 blarco

999 1440 1110 1496 nomine
1124 1440 1185 1511 ejus
1208 1439 1343 1511 discipulo
1360 1450 1441 1514 atquc
1456 1443 1625 1515 avangelista
1640 1455 1800 1502 consecrata

999 1545 1057 1604 cst;
1071 1535 1182 1606 ipsepuc
1197 1536 1223 1591 in
1237 1534 1386 1607 AEgyptum
1402 1537 1524 1594 directus
1537 1554 1551 1593 a
1563 1539 1647 1596 Petro
1660 1541 1798 1611 apostolo,

999 1628 1113 1686 rcrbum
1138 1629 1262 1685 veritatis
1288 1630 1455 1700 praedicavit,
1472 1641 1500 1687 ct
1523 1632 1672 1704 gloriosum
1696 1642 1801 1706 marty·

998 1722 1069 1777 rium
1085 1722 1294 1777 consummavit.
1311 1722 1403 1778 Tertia
1426 1739 1491 1779 vero
1513 1723 1594 1780 seiles
1618 1724 1690 1796 apud
1703 1726 1800 1782 Antio-

144 1815 198 1887 {eri
212 1828 264 1868 nou
278 1809 453 1885 prevalebunt
466 1809 591 1865 adver-sas
603 1826 671 1882 epar,
687 1819 711 1865 et
725 1811 771 1865 liii
784 1812 851 1867 clato
862 1812 946 1868 clares
962 1814 1088 1885 pentum
1102 1816 1254 1871 beatissimi
1270 1816 1388 1885 apostoli
1400 1816 1474 1873 Petri
1486 1817 1604 1874 hahetur
1618 1817 1801 1889 honorabilis,

144 1908 221 1982 regni
235 1906 368 1974 carlorum,
380 1913 405 1959 et
423 1905 601 1986 erroneamque
613 1905 733 1976 ligaveris
748 1916 944 1978 superterram,
999 1917 1027 1965 et
1039 1908 1114 1980 quocl
1124 1908 1198 1964 illam
1209 1909 1335 1979 primitus
1349 1924 1430 1980 quarn
1442 1910 1557 1966 liornam
1572 1911 1802 1982 venirenlrabita-

142 2004 196 2059 erit
210 2003 320 2075 ligatam
333 2008 356 2054 et
367 2000 393 2053 in
409 1998 501 2054 coelis:
517 2006 542 2053 et
557 1998 736 2072 quodcumqae
749 1998 855 2055 colueris
869 2017 946 2073 super
998 2003 1050 2072 vit,
1065 2012 1092 2059 ct
1107 2001 1163 2057 illic
1188 2001 1305 2073 primum
1329 2014 1429 2058 riornen
1444 2001 1663 2062 Cluistianorunt
1687 2003 1801 2060 novella

143 2105 255 2165 tarnat,
270 2095 319 2151 erit
332 2093 447 2153 solutura
459 2102 483 2148 et
498 2091 525 2145 in
540 2091 620 2149 coelic.
637 2090 738 2152 hddlta
751 2099 794 2149 est
808 2093 890 2149 etiam
901 2107 946 2149 so·
1000 2096 1090 2168 gentis
1101 2105 1225 2154 exortum
1240 2105 1291 2152 cst.
1308 2095 1419 2154 trinis.

749 2211 831 2264 PARS
847 2212 994 2266 SECUNDA
1009 2214 1051 2267 ΕΤ
1067 2215 1194 2269 Tabula.

390 2300 527 2358 Decretum
540 2297 718 2366 Gelasiortutu,
728 2314 761 2354 aa
772 2315 835 2354 ross.
854 2299 1001 2372 Vaticanis,
1017 2318 1118 2358 necnon
1130 2301 1307 2377 Paraphrasis
1318 2304 1436 2378 ejusdem
1447 2305 1555 2363 decreti.

424 2392 503 2459 {illac
512 2393 577 2445 inter
585 2404 661 2460 opera
672 2388 763 2444 Gelasii
774 2392 864 2446 arabus
873 2391 1014 2448 collocanda
1023 2407 1189 2458 reservamus,
1202 2395 1253 2457 ribi,
1264 2397 1283 2447 si
1294 2394 1382 2461 placet,
1397 2395 1512 2460 legesis.)

895 2523 1055 2583 scttuulh.

183 2668 238 2726 rin
253 2680 358 2725 canone
378 2664 531 2723 innocentii
544 2663 570 2732 l,
586 2673 614 2720 et
627 2663 654 2719 in
669 2661 732 2719 aliis
747 2662 789 2716 hm
805 2670 861 2719 tres
880 2662 945 2735 Epi-

141 2742 227 2799 stola
238 2740 319 2796 unius
329 2735 636 2808 loannisapostoliesse
646 2735 785 2790 dicuntur.
799 2733 827 2790 lu
839 2748 949 2791 canone

139 2812 256 2870 Damasi
272 2826 322 2868 una
337 2810 435 2867 loanni
446 2808 584 2880 apostolo,
597 2806 658 2862 uum
672 2804 772 2861 loanni
786 2807 946 2878 presbytero

139 2885 322 2940 ascribuntur
335 2896 368 2937 ex
384 2879 538 2945 sententia,
554 2893 634 2949 auam
652 2877 837 2948 Hieronymus
858 2879 947 2932 innuit

138 2956 182 3011 dc
193 2955 252 3011 Vir.
268 2955 366 3009 illustr.
377 2952 451 3008 c.9:
467 2951 526 3007 Scri
546 2951 577 3004 sit
594 2958 679 3004 antem
693 2947 948 3019 (loanncsaposto

138 3026 202 3099 lus)
213 3035 236 3080 ct
248 3041 328 3080 auant
339 3024 508 3092 epistolant...
522 2970 641 3093 helique
652 3031 739 3074 autern
754 3018 848 3074 aaa...
863 3017 946 3073 Jocrt·

137 3096 340 3223 nisgrcrlrpteri
353 3104 514 3151 asserantur.
528 3093 684 3162 hirtiouitas
704 3091 819 3146 canonis
828 3082 947 3146 'Damasi

214 3183 247 3224 ac
264 3178 340 3239 parte
352 3165 558 3235 comprobatur.

183 3238 303 3295 bllicss.
319 3238 413 3293 scribit
426 3236 544 3300 Zelotis,·
559 3234 619 3288 Vat.
634 3236 661 3302 l,
678 3232 790 3289 Zetotes.
807 3233 834 3289 ln
857 3232 945 3291 uiess.

148 3310 275 3377 additur,
288 3308 405 3377 Explicit
420 3324 504 3362 canora
523 3305 593 3360 Noui
609 3305 780 3360 Testamenti.

186 3381 315 3452 elusci-‚ta
331 3380 389 3435 haec
402 3380 483 3435 etiarn
500 3387 562 3433 sunt
581 3378 607 3432 in
623 3377 741 3432 Dccrcto
753 3374 854 3433 Gelasii
874 3392 881 3429 ι
898 3375 945 3431 sed

141 3445 310 3523 scriptu'r'a'm
334 3452 495 3507 exhibemus
514 3449 577 3504 Vat.
595 3450 621 3518 l,
638 3462 698 3519 qum
723 3449 750 3503 in
773 3464 827 3503 non
851 3447 947 3513 paucis

141 3524 241 3582 (lillert
259 3523 393 3593 avulgata
405 3522 534 3585 lectione,
549 3530 578 3574 ut
591 3519 730 3575 decretum
745 3519 834 3587 ipsutn
846 3517 947 3574 Gelasii

142 3611 215 3653 inor
228 3592 435 3651 describendum
457 3592 609 3647 corrieronti
634 3591 748 3653 patebit.
762 3589 947 3645 cresconiana

141 3666 277 3726 collectio
292 3664 362 3735 apud
380 3664 525 3720 barnuinus
541 3678 613 3717 antro
627 3660 679 3729 uu,
695 3675 769 3715 ntrm.
784 3660 812 3724 t,
824 3659 948 3715 nonnihil

142 3740 233 3795 etiarn
259 3736 349 3792 illucet
371 3735 463 3791 allai.
488 3735 514 3798 l,
530 3744 560 3787 ut
582 3744 606 3787 et
629 3733 785 3803 apostolicas
807 3745 858 3801 pro
871 3740 949 3855 atzar

142 3809 319 3883 apostolicas,
329 3817 355 3862 at
372 3820 435 3862 mox
451 3804 567 3860 Ecclesia
580 3803 709 3858 catholiea
721 3803 889 3877 pergratiam
925 3803 949 3856 ei

143 3881 262 3955 fandata
276 3889 323 3948 cst,
344 3890 371 3934 ct
394 3894 462 3931 ranas
485 3875 615 3931 ltralantas
630 3871 726 3929 Christi
741 3875 786 3928 sit.
810 3872 950 3928 hittortius

144 3953 183 4009 ad
204 3951 354 4022 marginem
375 3956 453 4004 notat
477 3966 484 4001 ι
507 3946 672 4002 continuatio
696 3962 741 4017 per
755 3943 886 3999 Gelasium
903 3961 950 4015 pu-

145 4041 213 4096 pnm
233 4022 378 4089 arnolti,
393 4019 497 4085 nescio,
512 4034 547 4073 an
571 4032 603 4073 cr
628 4017 736 4073 coaice.
759 4015 861 4082 Verba,
884 4014 950 4070 ltcar

145 4097 252 4151 rtictrrrn
271 4102 319 4160 err,
343 4094 472 4159 innuunt,
494 4090 567 4147 idern
588 4088 736 4145 concilium
760 4086 811 4142 sub
833 4087 950 4143 Damaso

145 4165 316 4223 continuari.
886 4221 891 4228 ,

186 4234 201 4276 θ
220 4235 404 4293 cresconiana
420 4233 548 4290 collectio
564 4232 683 4287 Ronrrrnrr
697 4230 804 4285 ccclesia
818 4227 951 4285 nonnullis

145 4307 285 4380 sgrtorlicis
299 4307 447 4361 constitutis
460 4306 572 4370 crateris,
586 4313 641 4358 cto.
657 4303 755 4357 Postea
765 4301 885 4372 inquiens
900 4316 950 4371 pro

146 4380 247 4452 inspuit.
270 4377 359 4444 latrat,
383 4388 407 4432 et
421 4391 587 4448 quecumque
602 4374 722 4447 tiparerir
736 4390 814 4445 super
836 4383 949 4438 terram,

146 4458 229 4506 ιηιιιι
244 4450 325 4523 tigata
339 4458 363 4503 et
386 4449 413 4502 in
428 4449 502 4513 coelo,
519 4457 543 4502 et
557 4460 725 4518 quacumque
746 4445 852 4500 colueris
873 4460 951 4515 snper

147 4530 259 4584 taram,
272 4530 347 4575 erum
358 4519 444 4575 rotata
458 4529 483 4574 et
497 4520 525 4574 iu
537 4520 612 4573 rato.

140 3184 181 3226 0!

192 4603 205 4630 0
225 4591 342 4647 Notatur
357 4593 384 4647 in
398 4605 485 4661 rnarg.
502 4589 563 4645 Vnt.
582 4590 607 4653 t,
625 4589 764 4644 Anaclcttra
778 4587 806 4641 in
823 4586 899 4658 epist.
916 4588 949 4654 5,

147 4673 176 4719 et
190 4662 312 4718 Getasirts
323 4649 393 4735 ὥρα
407 4663 433 4715 iu
447 4660 558 4735 epistola
572 4660 705 4716 decretali.
718 4658 818 4715 Gelasii
833 4659 950 4728 epistola

145 4734 300 4791 decretalis
318 4743 361 4789 cst
381 4733 521 4788 decretum
543 4740 639 4802 postea
661 4728 867 4801 proterendum.
885 4729 949 4799 Epi·

146 4807 233 4862 stolae
252 4804 377 4861 hnacleti
399 4813 551 4861 censentur
577 4801 728 4872 suppositae
743 4817 750 4854 :
768 4801 794 4855 in
810 4815 841 4855 aa
857 4801 874 4855 5
893 4799 951 4872 epi·

997 2665 1122 2722 haeretici
1136 2665 1164 2722 in
1186 2666 1239 2723 boc
1259 2667 1378 2723 concilio
1399 2666 1444 2723 illa
1469 2666 1696 2738 potissimumue
1717 2684 1800 2729 causa

997 2740 1231 2809 perstringuntur,
1257 2738 1331 2810 quod
1347 2737 1495 2794 Pauluma
1522 2739 1594 2796 Petri
1616 2741 1749 2798 societate
1773 2746 1800 2799 in

997 2809 1121 2881 martyrii
1136 2810 1198 2865 loco
1212 2811 1392 2881 sejungerent
1407 2828 1415 2864 ε
1431 2825 1462 2866 ac
1477 2811 1595 2866 libenter
1610 2813 1729 2884 legerem
1753 2817 1800 2884 qni

997 2897 1050 2935 aon
1064 2881 1177 2948 atrum,
1190 2882 1255 2936 ricat
1266 2881 1382 2937 haretici
1392 2883 1522 2955 garriunt,
1537 2880 1604 2951 loco,
1616 2886 1662 2938 secl
1675 2901 1726 2940 arao
1736 2894 1801 2940 tear·

998 2968 1070 3024 porc,
1085 2952 1128 3007 vcl
1147 2953 1191 3020 pai
1204 2969 1256 3006 nort
1270 2954 1382 3015 direrro,
1399 2954 1466 3008 sicat
1480 2953 1594 3008 lrrrrctici
1605 2956 1726 3026 garriant
1734 2998 1741 3021 ,
1755 2960 1800 3012 sart

998 3040 1052 3077 ano
1067 3023 1136 3087 loco,
1151 3040 1202 3079 arro
1213 3024 1352 3096 eodemque
1366 3025 1418 3091 ilie,
1433 3035 1487 3080 etc.
1503 3024 1532 3079 ln
1544 3024 1619 3080 hctis
1634 3028 1799 3098 apocryphis

1000 3093 1060 3150 Liui
1081 3093 1209 3160 retertur,
1225 3094 1336 3150 Petrum
1369 3108 1397 3150 ct
1418 3095 1530 3150 Paulum
1551 3095 1660 3151 diverso
1680 3097 1740 3153 loco
1772 3110 1800 3153 ct

1000 3174 1124 3234 ternpore
1137 3180 1232 3232 passos
1245 3167 1328 3220 luisse
1338 3184 1344 3220 :
1355 3181 1409 3237 quo
1420 3166 1550 3223 imbecilli
1567 3169 1722 3224 testimonio
1732 3185 1799 3226 non·

1000 3236 1068 3292 nulli
1093 3248 1219 3293 recentes
1239 3237 1362 3294 heretici
1387 3237 1476 3294 ndlruc
1494 3247 1615 3306 utuntur,
1636 3247 1666 3294 ut
1687 3239 1798 3297 Petrum

1000 3306 1096 3363 llornrc
1110 3308 1261 3370 exstitisse.
1277 3317 1322 3363 aot
1336 3314 1467 3380 trrartprzo
1479 3320 1638 3365 coronatum
1652 3311 1734 3367 inisse
1748 3326 1798 3368 nc·

998 3390 1074 3463 gent.
1088 3378 1190 3447 Verba,
1203 3395 1264 3445 nrum
1276 3384 1302 3433 tn
1318 3380 1436 3434 concilio
1449 3390 1613 3449 sequuntur,
1629 3395 1716 3437 meam
1731 3398 1799 3438 eon-

996 3460 1133 3519 pecturam
1145 3452 1309 3505 eontirmant
1320 3468 1326 3502 :
1339 3450 1397 3504 Soa
1408 3453 1545 3519 prasentia
1568 3460 1644 3517 ritorto
1653 3454 1798 3508 sternendo

1000 3521 1131 3591 triumpho
1156 3520 1338 3591 protulerant.
1363 3520 1548 3575 Crescouiana
1575 3521 1701 3576 collectio
1726 3525 1797 3593 aputl

1000 3589 1147 3646 Barorrium
1161 3591 1244 3646 velent
1256 3592 1300 3659 qui
1319 3607 1369 3643 ann
1390 3592 1508 3659 attieno,
1523 3593 1589 3646 sicat
1604 3593 1670 3662 salso
1684 3593 1798 3648 lircretiri

1000 3663 1136 3734 partiunt,
1148 3660 1194 3715 sert
1207 3676 1271 3723 nno,
1284 3661 1424 3732 contraque
1437 3663 1490 3724 elie,
1505 3672 1557 3716 etc.
1575 3661 1658 3717 Paulo
1675 3674 1735 3732 post
1755 3681 1799 3719 rn-

1001 3750 1049 3800 pra
1072 3733 1168 3788 rlictour
1194 3732 1225 3787 S.
1255 3730 1400 3787 liornnaonr
1427 3731 1570 3789 Ecclesiam
1594 3746 1799 3801 consecrarunt,-

1001 3802 1718 3932 'leiuiilcliliiaixshheiniiiiliihiiophiiiinllh'iiiiiio
1731 3892 1798 3933 vero

1000 3945 1104 4002 Gelasii
1119 3946 1231 4017 legitur,
1248 3944 1320 3999 Petri
1334 3947 1438 4000 rrorru'rre
1450 3964 1466 4000 a
1478 3945 1568 4000 umen
1585 3950 1641 4020 ejus
1655 3944 1796 4017 discipulo.

1038 4017 1100 4072 alu
1124 4017 1220 4073 codice
1236 4017 1400 4082 Vcroneusi,
1421 4018 1448 4072 in
1471 4032 1535 4089 quo,
1557 4025 1588 4071 ut
1609 4018 1680 4078 nixi.
1707 4021 1799 4075 eonci-

1001 4088 1067 4144 llum
1093 4098 1137 4145 est
1160 4089 1301 4154 irrutilant,
1325 4099 1353 4145 ct
1380 4089 1476 4158 incipit
1499 4104 1514 4144 a
1541 4088 1634 4146 veritis
1660 4088 1728 4145 Post
1751 4090 1799 4146 ltus

1002 4177 1089 4216 omues
1112 4161 1285 4233 propheticos,
1311 4170 1377 4228 etc,
1392 4168 1510 4223 notatur,
1527 4158 1664 4227 hocloco,
1685 4159 1800 4228 Explicit

1001 4230 1148 4286 Cortciliam
1168 4231 1214 4285 suh
1239 4230 1353 4285 Damaso
1374 4248 1451 4302 papa.
1468 4230 1512 4288 Sic
1529 4232 1682 4287 absolutum
1708 4235 1800 4289 conci-

1000 4300 1067 4358 lium
1094 4301 1246 4356 Romanrrrn
1278 4302 1328 4356 suh
1351 4301 1470 4357 Danrasu
1497 4303 1567 4358 nihil
1595 4318 1652 4374 praa
1678 4319 1709 4358 sc
1734 4303 1798 4372 lert,

1001 4388 1052 4429 cnr
1077 4375 1192 4428 Danraso
1212 4373 1362 4442 aliiudicari
1387 4373 1496 4428 debeat.
1519 4373 1686 4445 Argumenta
1708 4377 1798 4441 cniru,

1001 4460 1063 4516 quae
1078 4459 1112 4500 cx
1135 4443 1241 4499 ratione
1264 4453 1418 4511 tcmporurn
1441 4445 1518 4498 rurrlti
1534 4446 1693 4513 proterunt,
1708 4447 1798 4503 solunt

1001 4516 1129 4585 probunt,
1143 4529 1197 4570 uun
1210 4529 1271 4570 csse
1287 4515 1393 4569 Danrasi
1408 4529 1440 4570 ea
1454 4516 1557 4582 omnia,
1571 4531 1632 4586 otim
1647 4516 1800 4572 inDeercto

1001 4586 1147 4643 Gelasiano
1162 4587 1348 4655 continentur,
1363 4597 1393 4641 ut
1413 4600 1462 4658 per
1478 4602 1508 4643 sc
1523 4589 1627 4644 clarium
1648 4595 1701 4643 cst.
1721 4588 1800 4654 Quod

1001 4656 1027 4713 si
1038 4658 1122 4729 alitpui
1137 4658 1247 4714 codices
1260 4673 1313 4712 uon
1328 4658 1416 4715 solutu
1433 4663 1484 4714 lroc
1496 4660 1641 4714 concilium
1653 4660 1713 4714 suis
1727 4660 1800 4715 limi·

1003 4729 1075 4784 libus
1090 4728 1262 4795 conclusum,
1280 4730 1327 4784 sed
1344 4739 1430 4784 totum
1446 4730 1528 4786 etiarn
1543 4729 1682 4786 decretum
1697 4729 1801 4787 Gelasii

1002 4801 1055 4856 sub
1069 4801 1176 4855 hantasi
1187 4801 1298 4856 nominc
1311 4801 1452 4867 erhihcut,
1465 4802 1487 4854 is
1500 4800 1648 4857 erroriudo
1662 4810 1799 4867 natusest,

146 4878 241 4940 stola,
256 4876 383 4947 quamvis
400 4876 480 4945 plura
495 4890 529 4931 ex
547 4873 639 4929 vorbis
659 4881 688 4928 et
711 4871 857 4926 sententiis
871 4871 950 4940 liuius
964 4884 991 4945 1)
1003 4872 1077 4940 rpuvrd
1090 4873 1132 4926 vel
1146 4871 1274 4928 Gelasius
1288 4873 1404 4941 primam
1416 4882 1522 4941 partem
1533 4873 1575 4929 sui
1592 4874 1692 4928 decreti
1703 4888 1736 4927 cr
1749 4872 1801 4927 hoc

146 4948 253 5016 arraudi
269 4947 463 5017 producantur,
478 4947 577 5002 desunt
590 4953 679 4999 tarnen
695 4943 754 4998 lraec
768 4944 865 5010 verba,
885 4945 951 4998 sicut

145 5018 269 5074 haretici
288 5020 427 5089 garriant:
442 5033 474 5073 ac
497 5016 615 5072 tortasse
637 5015 702 5070 huic
722 5014 783 5069 loco
803 5012 952 5083 abaliquo

146 5098 246 5145 assuta
259 5100 334 5145 sunt.
355 5089 484 5145 Nonnulli
500 5089 572 5145 enirn
597 5096 660 5143 sunt
673 5102 705 5141 ex
725 5085 846 5154 aritipuis
866 5084 953 5139 Patri·

147 5160 255 5229 tribus,
269 5160 315 5230 otri
329 5160 455 5226 Petrum,
473 5169 500 5215 et
515 5159 627 5214 Paulum
649 5156 743 5212 Romae
769 5154 898 5224 guidem,
924 5165 953 5212 ct

144 5230 251 5288 codem
262 5231 316 5296 dic.
332 5232 380 5288 seu
397 5246 450 5286 non
464 5230 560 5287 eodem
574 5243 647 5284 anno
661 5226 820 5300 martyrium
836 5226 953 5283 subiisse

144 5300 350 5370 athernacum
372 5301 482 5358 ostendi
502 5303 528 5358 in
543 5308 693 5356 comment.
719 5301 752 5354 acl
776 5298 952 5354 Prtulentinm

146 5373 251 5446 lrpmn.
267 5374 301 5429 la
315 5373 413 5429 Perist.
429 5388 503 5429 rurs.
527 5374 554 5430 5.
577 5370 656 5427 htltlo
674 5386 747 5426 nunc
762 5370 953 5426 Sacramenta-

146 5447 239 5510 rium‚
251 5446 323 5515 guod
334 5444 363 5501 S.
379 5444 465 5500 Leoni
480 5443 644 5499 blanchinus
654 5441 778 5506 athnrit,
792 5440 839 5496 alii
852 5441 885 5496 ael
899 5439 950 5496 Ge·

145 5516 254 5572 lasium
266 5515 399 5581 celarunt,
413 5515 537 5573 nonnulli
550 5516 583 5570 ιιι
594 5516 729 5585 privatum
743 5512 776 5569 ali
799 5527 859 5568 uem
875 5522 954 5568 rete·

143 5601 213 5644 rcm
229 5588 406 5655 scriptorem,
426 5589 452 5643 in
465 5586 570 5655 pratae.
587 5585 674 5643 Natal.
693 5529 810 5655 apostrii.
829 5582 903 5639 Petri
925 5591 953 5638 et

143 5657 234 5714 Pauli
248 5675 255 5713 ι
269 5659 315 5714 Sic
331 5660 525 5731 dhpcrrrationa
545 5658 645 5713 clioerm
664 5672 743 5712 anam
761 5655 857 5711 Christi
875 5655 953 5726 [unri-

145 5729 221 5786 taum
246 5741 442 5815 congregantes,
466 5740 580 5801 ternpore
596 5729 655 5783 licet
676 5728 798 5792 discreto,
819 5742 953 5782 recurrens

145 5815 211 5856 arna
221 5800 276 5858 dier
289 5819 316 5858 ra
329 5811 462 5871 cernant,
479 5812 504 5859 ct
517 5817 571 5857 aaa
587 5815 683 5858 corona
696 5800 810 5856 sociarit.
826 5798 952 5858 Fortasse

1002 4943 1120 4997 concilio
1131 4945 1258 5012 sumpsit,
1270 4952 1300 4997 ut
1313 4942 1456 5012 pontifices
1470 4943 1587 4999 Romani
1601 4960 1634 4998 ex
1647 4942 1801 5012 praedeces·

1001 5015 1112 5068 roribus
1127 5013 1206 5084 plura
1219 5015 1379 5078 suurchant,
1394 5015 1437 5069 vel
1452 5015 1563 5069 aliurrtle
1581 5014 1725 5069 concilium
1748 5013 1801 5067 lla·

1002 5085 1072 5139 masi
1085 5084 1119 5137 alr
1132 5084 1223 5153 alirprro
1236 5085 1373 5154 arbertum
1387 5086 1436 5140 tuit
1448 5083 1666 5141 clreretnGelnsii
1679 5085 1713 5138 rte
1724 5082 1802 5138 libris

1003 5157 1070 5229 (iton
1084 5154 1196 5223 divinis)
1216 5157 1396 5226 recipiendis,
1411 5156 1454 5212 vel
1472 5173 1527 5210 nou
1551 5155 1726 5222 recipientis.
1747 5153 1801 5209 Fa·

1002 5226 1055 5282 cile
1065 5234 1156 5281 antem
1170 5227 1229 5291 tuit,
1244 5237 1275 5281 ut
1286 5242 1319 5282 cx
1330 5229 1416 5298 prima
1433 5237 1510 5295 parte
1525 5227 1626 5284 decreti
1642 5223 1800 5290 Gelasiani,

1003 5313 1085 5370 quam
1100 5298 1205 5351 Dautasi
1216 5313 1279 5353 csse
1286 5301 1440 5363 constabat,
1455 5298 1481 5351 in
1497 5300 1589 5353 nurltis
1602 5296 1743 5351 corticibus
1754 5297 1802 5352 toti

1004 5372 1118 5425 decreto
1133 5383 1232 5425 nortren
1250 5370 1357 5425 Damasi
1371 5370 1606 5441 praescriberetur.
1630 5367 1803 5422 umbonibus

1002 5450 1094 5496 autern
1113 5440 1212 5508 credo,
1227 5440 1365 5496 Gelasium
1384 5441 1474 5511 ipsum
1490 5445 1516 5496 in
1536 5441 1646 5496 decreto
1659 5437 1694 5493 de
1715 5438 1803 5509 scrip

1003 5512 1072 5567 turis
1088 5511 1265 5582 recipiendis,
1279 5522 1372 5568 utnon
1388 5511 1553 5579 recipiendis
1563 5508 1755 5565 concinnando
1767 5526 1801 5566 ex

1003 5582 1114 5638 Damasi
1130 5581 1248 5638 concilio
1268 5583 1383 5651 primam
1404 5592 1527 5653 partem,
1550 5579 1689 5638 nonnullis
1707 5582 1803 5637 leuiter

1004 5654 1127 5723 mittatis,
1141 5654 1204 5708 aliis
1214 5654 1334 5718 arnissis,
1349 5654 1411 5710 attis
1421 5654 1532 5724 additis,
1543 5653 1686 5723 accepisse
1703 5670 1710 5708 :
1731 5653 1802 5724 quoti

1004 5740 1036 5781 ax
1053 5727 1113 5795 ipso
1127 5724 1250 5805 decreto,
1266 5723 1337 5795 quod
1358 5741 1431 5783 nunc
1446 5726 1557 5797 sistam,
1573 5726 1694 5797 lucilius,
1710 5736 1739 5782 ιιι
1751 5738 1803 5796 ego

1003 5798 1114 5868 quidem
1129 5797 1259 5868 arbitror,
1274 5797 1451 5870 percipietur.
