4150 6167
295 223 350 288 sta
992 224 1083 286 occu
1103 225 1241 290 nemun
1885 236 1928 301 q,

294 340 340 394 iai
359 339 446 409 utique
465 345 490 393 et
506 338 655 396 meusimsti.
681 337 782 396 Treuiri
804 338 900 411 quippe
927 339 955 396 ia
983 340 1096 396 triclinio
1111 341 1221 409 AQrms
1232 341 1305 396 inter
1317 340 1422 400 medies
1436 340 1521 398 lucre
1537 342 1661 415 caliginis
1670 345 1797 406 umbram

295 431 372 489 AEoii
386 431 475 501 [acuta
498 439 535 487 est
551 432 659 504 pictura
680 432 734 488 isac
750 429 927 504 :Cupidinem
944 435 1015 488 cruci
1038 435 1097 506 api·
1148 432 1266 504 llispulit
1280 435 1450 491 inconsultus
1465 436 1550 494 Amor
1562 436 1743 497 stridentibus
1755 442 1821 499 aiis.

298 536 365 596 gunt
380 525 499 582 urutieres
514 526 663 592 amatrices,
675 541 727 582 noa
740 526 797 582 ista
816 527 849 581 tte
869 535 959 583 nostro
978 528 1095 600 secreto,
1148 528 1294 598 agnovere
1307 542 1403 588 omnes
1415 542 1530 600 puerum
1548 546 1555 585 ε
1573 533 1747 604 memorique
1762 550 1870 592 recursu

299 636 358 693 qua
370 632 463 692 sponte
475 630 593 691 peccant,
609 619 656 674 sed
667 618 720 675 illc
732 621 858 689 treroica,
874 635 932 690 qua
951 620 1000 675 sili
1021 620 1098 694 igne·
1148 619 1327 680 Communem
1342 627 1930 697 senserereum,qnsmqnsmirumtdacinm

300 721 385 777 scunt,
399 720 423 766 et
434 712 550 782 plectunt
563 712 649 777 dcam,
662 727 773 784 quaram
787 720 886 785 partem
901 712 929 768 in
949 713 1098 786 ingenuiles
1149 713 1248 774 Nubila
1263 724 1292 774 et
1304 717 1407 772 auratis
1422 716 1553 789 lulgentla
1568 720 1676 791 cingula
1685 721 1787 791 bullis,

299 804 399 877 earnpis
411 802 488 857 diaeo
499 815 586 858 noster
592 812 734 860 enunieret.
744 802 770 859 ii
774 820 824 861 uae
835 820 882 877 cpe
892 804 1031 879 imaginem
1039 819 1099 874 spe·
1151 809 1185 865 Et
1199 808 1368 880 pharetram,
1384 819 1412 868 et
1422 812 1513 868 rutilae
1524 812 1662 871 fuscarent
1674 815 1816 888 lampados
1835 819 1930 893 ignem:

299 899 338 954 eie
350 907 375 953 et
393 906 543 972 argomento
561 898 673 953 miratus
693 915 761 955 sam.
778 896 896 971 Dareique
910 898 1025 953 osirandi
1039 906 1098 953 stu·
1151 905 1312 974 Agnoscunt
1326 915 1417 963 tamen
1435 917 1483 964 :et
1494 923 1594 965 renum
1608 909 1717 967 uibrare
1730 913 1849 983 rigorem

302 990 527 1062 poremtraastuli
550 990 585 1044 ud
608 990 732 1066 ineptiam
754 990 888 1063 poetandi.
916 989 983 1045 llitei
1004 999 1100 1060 preter
1151 993 1483 1070 Oceipiuntslmstemque
1498 1015 1581 1056 unum
1597 999 1657 1056 loca
1673 1016 1729 1058 non
1748 1019 1798 1060 sua
1821 1017 1930 1080 nactum,

299 1083 468 1141 lemmenilsit
476 1082 573 1156 placet.
585 1082 796 1139 Sedsommenelo
809 1082 855 1138 aiii
867 1098 980 1142 errorem
990 1098 1099 1140 naeres
1151 1085 1220 1141 Cum
1237 1087 1328 1159 pigros
1341 1100 1434 1160 ageret
1444 1090 1528 1146 densa
1541 1093 1592 1149 suls
1604 1103 1685 1150 nocte
1700 1095 1822 1164 relatus,

299 1183 386 1232 amoos
399 1185 511 1241 nostros,
525 1185 549 1231 et
561 1175 694 1232 cicatrices
716 1191 851 1245 amanium·
868 1192 914 1230 nec
938 1175 988 1230 soli
1010 1183 1100 1230 nostro
1152 1179 1235 1236 Facta
1250 1180 1321 1237 nube
1337 1183 1670 1254 premunt;trepillantem
1685 1195 1712 1243 et
1727 1202 1931 1261 cassuparentsm

299 1270 362 1324 uilio
377 1285 496 1341 peccasse
511 1270 639 1339 contenti,
655 1267 809 1336 mactentur
823 1277 986 1326 memoretur.
1005 1266 1101 1324 Veram
1151 1270 1282 1342 suffugia,
1300 1273 1328 1328 in
1342 1283 1445 1330 ateium
1462 1276 1560 1332 medie
1575 1288 1683 1334 trusere
1698 1263 1848 1338 catorum*

259 1419 264 1426 ,
302 1363 367 1433 quid
382 1379 428 1434 eqo
441 1362 504 1418 leuis
516 1363 612 1434 ecloga
624 1362 742 1418 studiose
751 1359 1016 1434 patrociaoriCertus
1028 1377 1099 1430 suos,
1153 1362 1273 1432 Eligitur
1287 1373 1386 1421 moesto
1397 1374 1504 1437 myrtus
1520 1366 1663 1426 notissima
1679 1369 1754 1436 lnco,
2025 1371 2026 1452 l

302 1455 481 1527 quodcumqae
495 1470 580 1509 mcum
594 1454 693 1521 scieris,
707 1453 817 1520 ansulis,
831 1453 901 1526 quoa
914 1451 996 1523 nangis
1007 1468 1099 1524 spere,
1152 1455 1287 1513 invidiosa
1299 1458 1380 1515 deum
1393 1459 1493 1531 penis.
1505 1459 1682 1520 Cruclsrerat
1695 1465 1752 1521 illie
2025 1461 2026 1556 l

301 1563 381 1619 quam
393 1557 420 1602 ¹¹²
434 1545 538 1604 ‘wit‘-
554 1543 628 1614 Vale,
645 1560 676 1601 αθ
690 1545 771 1616 ‘iiiiii‘
784 1552 926 1616 tilleium·
1154 1553 1252 1623 Spreta
1267 1553 1333 1610 olim
1347 1569 1497 1612 memorem
1514 1555 1630 1614 Veneris
1644 1558 1811 1633 Proserpina
1833 1564 1933 1626 Adonis.
2025 1609 2026 1640 ,

1155 1648 1240 1719 liujus
1254 1648 1281 1706 iu
1294 1649 1407 1705 excelso
1422 1663 1586 1721 suspensum
1600 1651 1695 1722 stipite
1710 1653 1850 1726 Amorem,
2025 1657 2026 1660 ’

340 1747 421 1803 Aeris
435 1747 463 1802 in
474 1745 589 1816 canapis,
606 1754 738 1802 memoret
752 1759 821 1817 quos
833 1743 907 1801 llusa
919 1742 1036 1806 licronis
1050 1786 1058 1812 ,
1117 1710 1315 1800 Bliesinctnm
1329 1752 1390 1812 post
1402 1751 1476 1815 terge
1488 1756 1597 1811 manus,
1612 1746 1817 1819 substrictaque
1839 1751 1921 1823 plectis

301 1839 423 1914 llyrteus
438 1848 561 1897 umentes
575 1839 622 1898 rtlri
636 1841 715 1896 luous
728 1846 826 1912 apsent
836 1847 973 1906 amantes,
1154 1835 1267 1892 Vincula
1281 1846 1453 1905 moerentem,
1470 1823 1547 1892 nullo
1560 1837 1747 1895 moderamine
1760 1854 1850 1910 poene

303 1932 386 2004 Orgia
398 1930 533 1988 ducebant
544 1929 687 1999 Heroides,
699 1939 728 1988 et
738 1945 787 1988 sua
802 1943 929 2002 qumque,
1155 1926 1275 2000 nltlgunr
1291 1945 1298 1982 ε
1312 1943 1378 1984 reus
1391 1936 1435 1983 est
1448 1928 1510 1985 siue
1524 1929 1648 1997 crimine,
1663 1929 1757 2001 jndice
1772 1932 1850 1990 nullo

304 2024 341 2081 Ut
356 2023 492 2096 quondam
506 2023 675 2093 occiderent,
686 2023 752 2080 letltl
766 2031 928 2095 argumente
938 2022 1083 2094 geronem,
1154 2018 1306 2075 decusstus
1316 2019 1412 2076 Amor.
1427 2018 1462 2077 Sc
1475 2019 1592 2094 quisque
1604 2020 1752 2080 absolvere
1764 2024 1858 2095 gestit,

304 2118 437 2174 Errantes
447 2116 517 2173 sitm
528 2115 556 2174 iu
576 2131 685 2187 mugnu,
697 2126 725 2173 et
739 2117 790 2172 suls
804 2116 864 2171 luoe
876 2114 993 2187 nrsligus
1155 2114 1313 2170 Transierat
1324 2123 1354 2171 et
1369 2117 1493 2187 proprias
1507 2117 1595 2174 aliena
1609 2118 1764 2176 incrimine
1778 2121 1879 2193 culpas.

169 2206 174 2215 '
231 2219 235 2226 ’
304 2208 739 2281 interorundlnossquecamss,
755 2207 951 2279 gravidumque
972 2221 1103 2279 papaver,
1154 2206 1266 2263 Cunctos
1281 2210 1480 2276 exprobrantes
1496 2195 1603 2264 tolerati
1615 2210 1730 2282 insignia
1743 2211 1814 2269 lethi

302 2304 338 2359 Et
351 2304 447 2360 tseitos
460 2304 520 2360 sinc
532 2302 593 2359 lelio
605 2302 692 2369 loeus,
708 2302 769 2359 sine
782 2316 922 2358 murmure
932 2301 1005 2358 ciros
1021 2318 1028 2355 ε
1155 2297 1318 2370 Erpedinnt.
1335 2297 1399 2354 llere
1414 2315 1490 2356 arura
1505 2308 1613 2372 putent,
1626 2300 1685 2359 lece
1699 2302 1769 2360 ultio
1784 2304 1879 2373 dulcis,

303 2398 424 2464 erorum
435 2411 483 2466 per
497 2396 571 2467 ripas
582 2394 714 2454 nebuloso
726 2392 829 2454 lumine
843 2402 969 2449 irrerecnt
1155 2391 1192 2449 Ut
1205 2406 1260 2463 que
1273 2405 1388 2464 querque
1404 2391 1496 2462 periit,
1512 2392 1620 2450 stodeat
1632 2397 1730 2466 punire
1740 2396 1851 2456 dolore.

304 2488 374 2544 Fleti
386 2488 450 2543 olim
465 2502 561 2558 regum
575 2495 602 2543 et
617 2501 762 2557 puerorum
778 2485 992 2554 nominatiores,
1156 2483 1221 2541 llaec
1232 2485 1360 2557 laqueum
1376 2493 1465 2553 tenet,
1481 2486 1539 2544 liae
1550 2487 1669 2558 speeiem
1688 2492 1831 2549 mucronis
1849 2493 1938 2550 inuno·
2025 2473 2026 2536 l

305 2585 419 2641 Mirator
434 2579 588 2650 Narcissus,
604 2589 631 2638 et
643 2575 791 2639 OElnlitles
802 2577 981 2653 llynclntlrus,
1156 2577 1275 2646 ingerit:
1293 2577 1338 2633 illa
1353 2591 1435 2634 ceros
1448 2592 1554 2645 amnes,
1571 2595 1723 2651 rupemque
1736 2581 1886 2654 lragosnm,
2025 2561 2026 2580 ¹

306 2676 343 2731 Es
355 2674 458 2732 Crocus
471 2676 653 2740 srrrlcomane,
670 2682 698 2731 et
712 2676 816 2731 muriae
831 2673 921 2744 pietus
935 2674 1050 2742 ildonis,
1156 2657 1303 2740 insanique
1318 2682 1422 2724 metrum
1434 2670 1532 2741 pelagi,
1547 2679 1572 2726 et
1586 2672 1645 2727 sine
1657 2672 1788 2729 unctium
1802 2690 1897 2747 nquor.

307 2769 341 2823 Es
352 2770 455 2840 tragico
467 2768 583 2839 scriptus
593 2768 693 2839 gemite
704 2767 870 2824 Salaminius
884 2767 960 2824 Eos.
1155 2761 1297 2817 Nonnulla
1312 2761 1435 2818 llumnms
1450 2764 1585 2831 quatient,
1603 2765 1766 2836 trepidoque
1783 2769 1910 2824 minantur

306 2861 403 2915 Omnis
416 2873 478 2931 qum
490 2861 618 2933 lucrymis
629 2869 657 2915 et
667 2859 805 2917 amorllstls
816 2860 896 2916 nntlu
910 2862 1015 2917 nonestis
1156 2852 1310 2910 Stridentes
1325 2855 1401 2910 nullo
1413 2856 1474 2926 igne
1486 2855 1568 2911 lucos.
1588 2855 1728 2913 lic-ciniis
1741 2860 1864 2914 edultum

308 2953 443 3009 Exercent
456 2961 591 3010 memores
604 2954 676 3009 trltltrt
690 2953 745 3023 lum
761 2960 849 3008 ntotte
863 2951 985 3014 llulnres,
1156 2948 1261 3019 Myrrina
1273 2956 1378 3004 rrternm
1391 2950 1519 3020 lucrymis
1530 2949 1703 3019 lrrgentilrus:
1716 2950 1802 3022 inque
1813 2960 1937 3026 parentem

307 3045 412 3100 Rursus
425 3046 451 3100 in
468 3046 597 3101 erutorum
609 3046 996 3101 menennsileroldmemrn.
1119 3040 1286 3154 CGemmce
1302 3038 1411 3096 tlctileri
1425 3041 1563 3111 joculatur
1577 3043 1688 3097 succina
1703 3045 1806 3101 trtrnci.

307 3136 464 3191 i'olmineos
475 3136 585 3191 Semele
597 3137 709 3210 eleeepm
722 3149 853 3206 pompeia
870 3150 963 3205 porros
1158 3130 1287 3199 (laudum
1304 3131 1491 3202 ignoscentum
1508 3134 1600 3203 speeie
1614 3134 1732 3194 lmllbrin
1748 3146 1852 3194 tantum

306 3225 401 3290 llellet,
416 3237 442 3280 et
457 3226 597 3279 intulistis
609 3226 733 3280 lacerares
748 3237 797 3295 por
810 3227 899 3281 lusnis
913 3237 999 3282 trinos
1158 3223 1221 3280 Sola
1235 3224 1326 3278 solnm
1342 3243 1348 3280 r
1365 3223 1452 3296 stylus
1466 3235 1494 3282 ut
1509 3229 1596 3281 tenuis
1608 3227 1660 3283 suls
1674 3229 1803 3286 acumine
1816 3229 1900 3300 puncti
2025 3233 2026 3302 l

247 3318 251 3327 ‘
307 3317 952 3390 l'eutilutlgnustrtnelrnttlntllltltrtltrlsignens.
1157 3315 1528 3388 Elicisttencrum,dequo
1544 3317 1862 3386 ltrsunameroorem.
2025 3317 2026 3342 ³

273 3400 277 3408 ’
305 3409 610 3480 irritudonsqnetetlt,
629 3411 897 3482 setugntlstvltlll‚
1158 3395 1749 3481 Autpulriuelmoveunlpetulantialumina
1765 3412 1865 3487 lychni.

308 3502 403 3559 liceret
414 3504 438 3557 itr
453 3509 594 3574 snuqunm
608 3499 697 3560 terrm
708 3511 835 3560 tottruntn
847 3508 970 3576 ligurem.
1156 3499 1217 3568 ipsa
1232 3502 1314 3555 eliam
1331 3487 1412 3555 simili
1427 3502 1542 3571 genitrix
1561 3503 1676 3558 rrbrroxiu
1690 3504 1778 3574 cnlpae

310 3595 427 3651 llnluars
443 3597 528 3652 siccat
539 3595 628 3652 adhue
643 3596 753 3654 Procris
766 3615 773 3651 :
787 3598 1104 3670 qusuallqueerudtrltm
1157 3593 1236 3648 utura
1254 3594 1342 3652 verius
1358 3605 1447 3650 teritos
1463 3606 1587 3666 penetrat
1601 3611 1697 3651 secura
1716 3599 1857 3654 tumultus.

306 3688 399 3761 Diligit
414 3697 442 3747 ct
458 3697 585 3761 perensss
599 3699 721 3747 tirenum.
737 3692 802 3749 Fert
812 3692 913 3749 lunddn
928 3703 996 3750 testu
1157 3686 1212 3741 Nec
1225 3676 1413 3744 eircunmemo
1428 3701 1580 3759 properans
1594 3687 1724 3760 sulti-agia
1738 3701 1804 3746 naso

307 3781 422 3837 Lumina
435 3782 558 3839 Sestiaca
572 3799 693 3852 preceps
707 3785 741 3841 de
754 3795 831 3843 suere
847 3788 952 3857 puelle,
1157 3779 1302 3836 Terrorem
1316 3781 1475 3851 ingeminet,
1489 3781 1664 3854 stimulisque
1679 3785 1807 3840 accendit
1820 3783 1916 3842 amaris

308 3875 343 3929 tir
357 3875 392 3930 de
403 3875 531 3934 rrirnlsoeo
544 3875 643 3934 salsum
660 3876 777 3934 Leonem
790 3880 911 3940 nqiqichf
1156 3872 1297 3943 Ancipites
1312 3872 1395 3930 irrries
1412 3892 1418 3929 :
1435 3875 1546 3945 iratique
1560 3876 1587 3930 ln
1602 3875 1718 3933 erimine
1731 3878 1841 3934 coniers

307 3969 427 4026 Mascula
442 3968 582 4036 lesbiacis
593 3968 705 4041 Sappho
717 3953 837 4042 periture
852 3973 970 4045 saginae.
1157 3964 1279 4021 Dedecus
1294 3965 1352 4037 ipsa
1367 3982 1445 4024 suum
1464 3986 1470 4023 :
1486 3969 1558 4040 qrrod
1573 3968 1681 4025 vincula
1695 3985 1769 4028 esces
1784 3971 1876 4029 mariti

306 4061 464 4130 llurmonlsn
474 4061 565 4118 cultus
580 4061 714 4134 Eriphyla
728 4073 825 4126 usmeta
841 4073 958 4132 etormet,
1156 4057 1296 4128 Deprensa
1309 4059 1428 4128 Mavorte
1442 4060 1505 4116 tulit
1521 4079 1528 4114 ι
1543 4061 1616 4132 quoti
1631 4062 1704 4132 pttbe
1718 4063 1845 4135 pudende

306 4152 402 4209 lnielie
416 4163 494 4220 nalo,
509 4168 561 4212 nea
573 4155 711 4214 fortunata
725 4156 833 4214 mutilo.
1155 4148 1367 4220 ilellesponliaci
1383 4150 1487 4208 tidelut
1500 4151 1587 4208 iottlla
1603 4153 1707 4225 Priapi.

307 4245 374 4303 Tota
390 4262 500 4317 quoque
512 4248 596 4312 serim
607 4248 706 4307 Minoia
722 4248 812 4308 [abula
823 4248 924 4318 ceptro,
1153 4244 1231 4311 erod
1245 4245 1363 4302 crudelis
1376 4235 1468 4318 Ety13
1485 4245 1558 4317 quod
1573 4247 1683 4304 semivir
1698 4246 1947 4320 Hermaphroditus

305 4337 477 4396 l‘ieturerunr
488 4337 572 4412 instar
584 4340 658 4398 moui
670 4341 720 4398 sub
736 4342 852 4415 imagine
864 4343 963 4400 uiaret.
1154 4339 1211 4397 Nee
1224 4342 1292 4397 satis
1306 4343 1332 4398 in
1347 4341 1451 4406 serbis.
1469 4343 1559 4399 lloseo
1574 4342 1663 4400 locrus
1677 4359 1759 4400 aurea
1772 4353 1851 4400 serto

306 4431 441 4502 Pasiphae
452 4433 524 4490 niuei
533 4434 658 4507 sequitur
671 4435 783 4508 uestigia
797 4437 877 4494 usuri.
1116 4435 1316 4534 „Merentem
1331 4436 1419 4510 pulset
1434 4450 1558 4508 puerum,
1573 4445 1601 4494 et
1613 4434 1736 4508 graviora
1751 4444 1910 4507 parentem.

307 4527 381 4585 Licia
393 4528 445 4584 lert
456 4527 607 4600 glomerata
621 4543 703 4588 manu
718 4531 828 4588 deserta
842 4531 971 4588 Ariadne.
1119 4539 1123 4550 ’
1155 4529 1210 4585 Olli
1224 4544 1389 4600 purpureum
1404 4531 1522 4586 mulcato
1537 4544 1653 4600 corpore
1668 4543 1758 4586 rorem

306 4619 429 4690 llespicit
440 4621 560 4691 obiectes
574 4620 725 4692 torporem
735 4622 849 4679 Pliades
864 4624 986 4681 tomitem
1156 4621 1252 4679 Sutilis
1266 4621 1400 4693 expressit
1413 4621 1512 4678 erelrro
1527 4638 1589 4679 rosa
1606 4623 1720 4677 verbere
1736 4640 1743 4674 τ
1757 4636 1833 4693 qttae,
1848 4622 1906 4690 ism

305 4710 371 4766 ileo
386 4710 511 4783 laqueum
522 4713 614 4785 gerit:
631 4711 690 4772 lime
703 4728 780 4770 rena
791 4713 937 4772 similium
950 4729 1060 4773 corone
1076 4733 1084 4773 s
1155 4713 1249 4769 Tincta
1265 4717 1351 4784 prins,
1365 4715 1447 4772 trusit
1461 4715 1569 4772 rrullnrrr
1587 4715 1672 4783 aragis-
1687 4714 1764 4784 ignes
1779 4713 1886 4769 liscum.

306 4800 434 4857 meusne
451 4803 534 4874 pudet
548 4803 621 4862 huna
633 4804 753 4862 lstslmas
765 4805 882 4866 subiisse
890 4807 1030 4877 jurenses.
1154 4804 1219 4862 inde
1235 4815 1324 4868 truces
1339 4806 1463 4862 cecidere
1477 4808 1558 4862 suirsae
1574 4822 1582 4864 s
1596 4805 1767 4878 vindictaque
1780 4804 1876 4875 maior

306 4898 461 4969 Praereptes
471 4887 596 4967 queritur
611 4913 660 4970 per
672 4899 762 4956 inania
773 4899 872 4971 gandia
883 4909 977 4958 noctes
1155 4903 1276 4959 Crimine
1288 4904 1345 4962 risa
1359 4918 1420 4969 suo,
1437 4902 1570 4962 Venerem
1586 4902 1689 4958 iactura
1705 4913 1869 4958 nocentem.

304 4990 453 5048 Laodamia
467 4990 535 5048 duae
546 4991 602 5048 visi
612 4992 752 5064 lucemque
765 4995 866 5051 mariti.
1153 4994 1222 5066 lpse
1237 4996 1411 5053 intercedunt
1426 4996 1568 5063 Heroides,
1583 5005 1610 5051 et
1623 5012 1670 5051 sun
1682 5010 1796 5067 qouque

301 5086 384 5143 Parte
400 5096 493 5143 trrrces
506 5084 558 5143 elis
574 5084 678 5143 strictis
689 5086 866 5146 mucronibus
880 5101 979 5145 omues
1153 5091 1260 5147 Funera
1274 5090 1377 5147 crudeli
1391 5090 1496 5148 nralunt
1511 5090 1648 5148 ascribere
1660 5089 1728 5145 lato.

301 5178 338 5235 Et
352 5178 467 5249 Thisbe,
481 5188 510 5238 et
521 5177 638 5248 Censeo,
653 5189 683 5237 et
696 5179 805 5240 ffidmrie
820 5183 913 5240 loiret
930 5182 1041 5242 Elissa,
1154 5181 1222 5237 Tum
1238 5192 1329 5252 gretes
1343 5182 1387 5251 pia
1402 5193 1490 5239 mater
1502 5182 1556 5253 agit
1571 5181 1691 5238 cessisse
1706 5182 1852 5248 dolentes,

303 5271 435 5343 Coniugis
443 5272 512 5339 lime,
521 5273 579 5329 ltaec
591 5272 686 5344 putris,
694 5273 986 5347 othmagsritlsospitis
993 5285 1100 5346 ensem.
1154 5275 1188 5331 Et
1199 5273 1365 5331 condonatas
1379 5290 1464 5347 puero
1475 5275 1615 5332 dimittere
1629 5275 1732 5346 culpas.

301 5364 381 5420 Errat
393 5367 487 5435 etipsa
500 5366 577 5433 olim,
591 5367 680 5443 qualis
695 5381 744 5438 per
759 5367 863 5425 Latonia
876 5383 942 5425 saxa
1188 5366 1265 5422 'isliu
1285 5366 1426 5425 nocturnis
1438 5368 1503 5425 olim
1518 5367 1663 5425 simulacra
1680 5365 1770 5438 liguris

298 5453 506 5528 Endymioneos
519 5459 599 5522 solitu
613 5459 743 5516 alleetnre
756 5474 882 5531 sopores,
1151 5458 1288 5518 Exercent
1301 5460 1433 5529 trepidam
1446 5476 1524 5516 cosso
1537 5471 1641 5518 terrore
1655 5461 1782 5532 quietem,

301 5543 369 5602 Cum
383 5547 453 5615 lace,
465 5558 495 5605 et
508 5554 644 5623 astrigero
655 5551 809 5609 diademate
821 5551 897 5610 Lnrru
912 5554 1043 5610 bicornis.
1151 5553 1217 5620 Qum
1232 5563 1373 5626 postquam
1390 5556 1472 5610 mulla
1486 5570 1631 5627 perpessus
1645 5564 1725 5612 nocte
1735 5552 1850 5623 Cupido

299 5638 414 5694 Cerrtum
430 5641 492 5698 alin
504 5650 628 5700 omarum
639 5645 791 5710 recalentes
800 5645 914 5704 uoluere
925 5655 1060 5718 amorum,
1151 5646 1265 5720 Ellngit;
1278 5650 1353 5720 pulsa
1368 5650 1476 5708 tandem
1491 5651 1608 5720 callgine
1622 5652 1712 5707 somni

301 5727 430 5791 ilelcilms
444 5743 473 5791 et
486 5735 728 5801 redemptorem
742 5749 876 5800 torrueata
891 5740 1022 5814 querelis.
1151 5743 1248 5800 Evolat
1262 5743 1295 5800 od
1311 5759 1436 5817 superos,
1454 5757 1586 5820 portaque
1600 5745 1691 5806 eredit
1703 5744 1822 5803 eburna.
