4150 6167
299 221 354 283 850
996 200 1089 263 ntrctt
1108 196 1246 261 tuseutt
1470 216 1475 225 ·
1888 176 1933 238 tto

920 428 1283 520 EPHEMERlSs

1079 589 1106 630 Ιῦ
1116 588 1166 628 EST

713 741 718 748 ·
773 708 982 785 Tertiis
1024 703 1140 779 utut
1177 694 1480 775 Naucratim.

1012 841 1236 860 *-

301 917 381 976 itanc
390 915 447 989 jam
461 914 564 972 ciarum
577 920 683 969 reserat
694 912 850 979 ienestras3
1117 910 1142 969 A
1156 904 1212 961 Nec
1227 914 1304 958 mens
1315 894 1460 967 compta-cti
1476 888 1585 963 poterit,
1600 901 1650 943 nec
1664 884 1754 955 lingua
1767 881 1877 952 protasi:

301 1008 364 1066 lant
378 1005 475 1078 strepit
485 1006 558 1062 nidis
572 1003 671 1076 vigilax
687 1002 817 1060 itirundo.

301 1102 343 1160 Tu
353 1101 431 1160 reiut
444 1102 573 1173 primaru,
589 1098 761 1170 mediamque
772 1107 890 1164 nectent,

409 1192 555 1258 Parmeno,
571 1189 685 1247 duratis.

302 1283 448 1342 Dormiunt
458 1281 541 1356 giires
556 1281 675 1337 hiemem
688 1292 846 1350 perennem,

303 1375 356 1435 Sed
366 1377 427 1434 cibo
442 1384 566 1448 pareunt.
580 1373 641 1430 Tibi
654 1388 734 1426 causa
750 1371 849 1435 somni,

302 1470 385 1529 iiuita
395 1469 468 1543 quod
483 1477 577 1541 potas,
594 1466 733 1537 nimiaque
748 1464 837 1520 tendis

413 1563 485 1621 dicio
499 1562 637 1635 saginant.

303 1657 370 1717 tnta
383 1672 436 1716 nec
448 1655 537 1714 doras
552 1669 640 1711 sonos
655 1652 738 1707 intrat
752 1664 850 1706 arares:

305 1750 340 1806 Et
353 1749 445 1807 iocum
455 1747 556 1804 mentio
571 1759 654 1815 sopor
667 1743 739 1797 attus
754 1747 843 1810 urget,

302 1840 360 1899 Nec
372 1839 544 1898 coruscantis
558 1836 653 1894 octtios
668 1833 807 1890 lacessunt

411 1931 531 2003 Fulgura
542 1928 623 1985 lucia.

304 2025 430 2082 innuant
442 2019 578 2095 quondam
590 2017 685 2091 inveni
698 2015 830 2087 quictem,

304 2117 399 2175 Noctis
413 2124 443 2172 et
454 2112 524 2170 lucis
539 2110 645 2167 rictibus
659 2114 827 2175 manentem,

305 2206 418 2266 Fabula>
431 2207 547 2278 tingunt,
562 2203 607 2260 cui
623 2202 699 2259 Luna
709 2214 822 2257 soranos

412 2298 596 2359 Guntittuatrit.

305 2395 406 2469 stris,
422 2401 548 2466 nugator,
563 2386 708 2446 iacerandc
718 2385 814 2456 uirgis.

268 2541 271 2550 ,
304 2489 393 2561 Surge
404 2504 411 2543 ε
424 2500 459 2542 ne
472 2484 570 2555 ionpus
584 2479 634 2537 titii
648 2493 772 2544 scotuna,
787 2474 860 2532 mide

305 2578 365 2638 Non
379 2578 471 2646 times,
483 2575 573 2633 detur.
587 2573 664 2644 itape
678 2569 800 2629 nemina
813 2566 900 2632 tuoiii,

414 2669 561 2736 Parmeno,
579 2666 661 2723 tecto.

306 2764 376 2822 Fora
386 2772 413 2821 et
429 2764 490 2821 itacc
502 2776 629 2820 somnum
641 2758 690 2815 tibi
703 2756 840 2813 cantiicna

306 2853 445 2931 Sapphico
459 2854 557 2913 suadet
566 2852 707 2911 modulata
717 2865 808 2907 versu.

310 2948 417 3009 testtae
428 2948 534 3022 depelle
549 2947 660 3005 modum
675 2944 786 3018 quietis,

414 3043 486 3104 Acer
498 3042 600 3101 iambe.

589 3150 657 3207 item
670 3148 833 3206 Parecbasis.

455 3263 538 3331 Puer,
551 3261 606 3331 cia,
622 3276 704 3333 surge
715 3279 720 3314 :
733 3271 761 3316 et
771 3259 890 3328 calceos,

456 3358 491 3415 tit
502 3356 614 3413 linteam
628 3353 663 3412 da
677 3354 832 3430 sirttlonem.

457 3450 507 3518 Da,
521 3445 655 3521 quidquid
670 3453 726 3517 est,
740 3443 863 3510 amictui,

455 3541 533 3613 Quod
543 3541 599 3614 iarn
615 3539 772 3612 parantur
787 3537 928 3609 prodeam.

453 3635 493 3692 Da
505 3646 570 3692 rore
582 3633 695 3691 ionuno
705 3630 813 3689 abluam

455 3729 561 3795 iianus,
574 3734 603 3785 et
616 3742 659 3794 os,
673 3734 701 3785 et
714 3724 827 3782 lumina.

454 3823 614 3894 Pateatque,
630 3819 684 3885 iac,
697 3817 859 3884 sacrarium,

457 3914 537 3973 Nuiiu
552 3922 647 3987 paratu
659 3909 840 3969 extrinsecus.

456 4008 503 4067 Pia
516 4005 610 4074 rerba,
626 4012 688 4062 ruta
703 4003 823 4072 innoxia,

455 4102 505 4159 net
517 4100 617 4158 divinae
628 4098 707 4170 copia
721 4107 773 4154 cst.

458 4192 514 4251 Nec
532 4192 594 4249 tius
606 4188 784 4249 cremandum
800 4186 921 4260 postitio,

456 4284 512 4343 Nec
526 4285 579 4343 iiiia
592 4283 677 4342 crusti
692 4282 799 4340 rneitci:

459 4376 646 4450 Foeuiumque
659 4376 714 4434 riti
725 4372 837 4446 cespitis

455 4470 541 4529 Vanis
557 4470 683 4543 relinquo
698 4468 840 4526 altaribus.

458 4568 531 4625 Deus
541 4564 694 4639 precandus
704 4571 748 4620 est
761 4560 839 4628 mitri,

459 4660 500 4716 tic
508 4655 595 4714 Filius
608 4653 707 4712 summi
720 4652 768 4711 Dei

456 4749 583 4821 iiajestas
596 4745 764 4813 uniusmodi,
857 4735 862 4739 ’

457 4840 566 4899 Sociata
579 4855 660 4898 sacro
673 4835 787 4910 Spiritu.

456 4934 492 4991 lit
501 4947 566 4991 cccc
575 4932 632 5005 jam
642 4939 705 4987 tota
716 4927 826 4987 ordior:

456 5024 493 5083 Et
503 5022 634 5097 cegitatio
649 5021 776 5080 Numinis

457 5115 635 5175 trasennam
648 5112 733 5172 sentit
747 5127 859 5185 pateus.

455 5211 574 5270 Patetnc
588 5208 736 5282 quidquam
751 5221 831 5279 spos,
846 5206 931 5265 tides?

655 5324 760 5382 Oratio.

312 5446 504 5519 Omnipotens,
520 5419 581 5501 soie
593 5440 695 5499 mentis
706 5439 773 5499 mitri
782 5438 891 5512 cognite
905 5436 990 5504 coitu,

289 5587 296 5600 .
314 5538 439 5614 knontc
448 5537 541 5608 maiis,
554 5548 582 5596 et
597 5537 665 5596 nulii
680 5539 771 5611 ignote
784 5535 902 5608 piorum,

315 5631 465 5705 Principio,
477 5640 658 5705 extremoque
667 5644 779 5689 carens:
790 5628 927 5701 antiquior
941 5642 1012 5694 coto,

1155 999 1277 1054 Cernere
1286 1005 1368 1063 quem
1382 987 1458 1046 auius
1468 995 1618 1051 coramque
1633 976 1729 1032 audire
1739 973 1886 1044 jubentem,

1155 1088 1210 1146 Fas
1221 1086 1311 1154 nabet,
1324 1090 1352 1139 ct
1365 1077 1482 1152 patriam
1494 1084 1608 1147 propter
1621 1067 1767 1126 considere
1779 1065 1906 1123 dextram:

1156 1182 1218 1255 lpse
1229 1181 1325 1253 opifex
1340 1192 1447 1239 rerum,
1463 1172 1546 1229 relius
1557 1182 1640 1226 eausa
1652 1167 1709 1236 ipsa
1722 1159 1860 1227 creandis,

1083 1341 1086 1347 ,
1156 1277 1217 1347 ipsc
1232 1273 1281 1331 Dei
1292 1271 1425 1334 Verbum,
1437 1264 1558 1323 Verbum
1569 1261 1654 1328 Deus,
1667 1255 1831 1325 anticipator

1158 1364 1263 1433 Mundi,
1286 1377 1366 1434 quem
1383 1361 1504 1415 iacturas
1517 1363 1577 1411 erat
1592 1371 1598 1405 :
1612 1357 1760 1423 generatus
1775 1345 1803 1401 in
1818 1342 1862 1399 iiio

1156 1459 1306 1528 Tempore,
1319 1468 1374 1525 quo
1385 1460 1494 1521 tempus
1508 1443 1628 1503 nondum
1640 1440 1706 1496 iuit:
1721 1437 1812 1494 editus
1821 1443 1889 1504 ante,

1156 1552 1244 1622 Quam
1254 1550 1347 1621 jubar,
1359 1556 1387 1603 ct
1396 1544 1495 1601 rutilus
1507 1541 1609 1599 coelum
1625 1537 1770 1593 iiiustrarct
1785 1533 1869 1588 Eous:
2019 1517 2020 1578 ι

1156 1642 1217 1714 Quo
1227 1642 1288 1698 sine
1302 1638 1340 1695 nii
1357 1645 1464 1696 actum:
1477 1649 1525 1706 per
1538 1647 1621 1705 quern
1636 1632 1705 1684 tacta
1720 1625 1828 1682 omnia:
1843 1621 1911 1693 cujas
2019 1639 2020 1704 p

1156 1736 1185 1793 ln
1196 1735 1267 1793 eoeie
1277 1733 1391 1790 sotium:
1406 1730 1450 1787 cui
1459 1728 1566 1785 subdita
1582 1733 1653 1783 terra
1662 1720 1778 1790 sedenti,

1158 1827 1193 1884 Et
1202 1843 1288 1894 mare,
1306 1835 1333 1881 et
1344 1824 1469 1880 obsenrae
1481 1821 1565 1878 citans
1576 1814 1763 1888 insuperabiie
1782 1812 1880 1869 noctis:

1157 1920 1306 1992 Irrequics,
1318 1928 1418 1974 concta
1429 1917 1489 1988 ipsc
1502 1927 1627 1979 metens,
1642 1917 1782 1980 vegetator
1795 1907 1919 1961 inertum·

1158 2015 1216 2071 iton
1228 2012 1321 2086 pensito
1334 2012 1460 2084 genitore
1470 2009 1553 2075 Deus,
1569 2005 1616 2077 qui
1632 2001 1728 2058 iraude
1740 1997 1852 2072 superbi
2019 2017 2020 2028 ι

1158 2107 1289 2165 Offensus
1301 2103 1406 2176 popuii,
1418 2108 1515 2174 petitos
1524 2101 1552 2156 in
1563 2112 1646 2169 regna
1660 2093 1778 2162 iocans,

1159 2200 1258 2271 Stirpis
1275 2196 1412 2268 adoptivae
1425 2192 1540 2249 meliore
1552 2204 1673 2261 propage
1686 2184 1833 2243 colendus:

1124 2287 1148 2348 B
1160 2292 1281 2351 Cernere
1291 2306 1371 2364 quent
1388 2288 1465 2345 iicoit
1478 2285 1604 2357 proavis:
1617 2298 1671 2354 qun
1684 2278 1796 2337 numine
1810 2278 1876 2345 viso,

1161 2388 1195 2444 Et
1207 2398 1312 2459 patrem
1325 2382 1545 2440 vidissedatum:
1559 2376 1685 2446 coningio
1696 2383 1788 2430 nostra

1159 2482 1212 2549 Qui
1225 2481 1299 2537 tutit:
1317 2486 1345 2535 et
1360 2475 1413 2533 diri
1429 2487 1526 2546 passus
1539 2468 1656 2528 ludibria
1672 2468 1756 2533 ietiti,

1162 2575 1229 2632 Esse
1243 2576 1296 2631 iter
1308 2581 1421 2629 aeterum
1432 2568 1526 2625 docuit
1542 2564 1691 2622 remeabile
1704 2562 1780 2618 nita:

1162 2669 1217 2726 Ncc
1231 2668 1318 2725 seiam
1333 2679 1459 2723 rentearc
1470 2662 1600 2728 aninmm,
1614 2657 1663 2716 scd
1678 2669 1794 2727 corpore
1809 2662 1865 2711 totu

1160 2761 1295 2820 Cceiestcs
1305 2759 1410 2815 intrare
1421 2757 1524 2828 pingas,
1541 2762 1571 2810 et
1582 2752 1664 2808 inane
1674 2746 1792 2820 sepulcri

2019 3563 2020 3598 i

1101 2867 1105 2872 ’
1162 2858 1298 2911 Arcanum
1311 2850 1403 2909 uacuis
1414 2848 1576 2917 adopertum
1600 2841 1724 2914 linquere
1743 2837 1836 2895 terris.

1197 2946 1266 3003 Nate
1281 2925 1369 3017 patris
1383 2938 1494 3006 summi,
1507 2946 1657 3006 nostroque
1668 2930 1792 2989 salutifer
1808 2943 1873 2994 mro,

1103 3063 1105 3068 ’
1164 3039 1285 3096 Virtutes
1299 3034 1400 3108 patrias
1412 3031 1521 3105 genitor
1532 3028 1575 3085 cui
1584 3024 1697 3083 tradidit
1710 3036 1820 3090 omnes,

1163 3133 1204 3190 Nil
1217 3146 1251 3191 er
1271 3128 1372 3188 inuidia
1388 3127 1519 3192 retinens,
1534 3122 1685 3195 plenusque
1701 3116 1839 3180 daturum,

1163 3224 1255 3282 Pande
1266 3222 1337 3279 viam
1346 3218 1486 3293 precibus,
1494 3210 1714 3289 patriasnucitaec
1724 3206 1818 3280 perier
1827 3205 1859 3261 ad
1868 3217 1938 3260 aare.

1200 3318 1250 3382 iia,
1262 3315 1355 3382 Pater,
1366 3311 1495 3367 inriorem
1503 3314 1599 3364 cotttra
1610 3299 1825 3360 omniacrimiua
1833 3305 1941 3364 ruentem,

1166 3409 1366 3480 Vipereumque
1378 3400 1455 3460 neias
1470 3396 1589 3456 nocituri
1601 3403 1695 3451 auerte
1709 3390 1821 3448 tencni.

1164 3497 1450 3568 suspicationem
1466 3504 1582 3563 serpens
1595 3487 1668 3561 quod
1683 3483 1804 3557 perdidit
1815 3482 1902 3548 Evam,
2019 3505 2020 3558 t

1165 3596 1367 3666 deceptumque
1380 3588 1505 3659 adiunxit
1519 3585 1622 3641 Adam:
1636 3595 1687 3639 noa
1700 3594 1762 3637 sera
1776 3584 1898 3649 nepotum

1125 3677 1149 3740 C
1165 3685 1288 3757 Semina,
1304 3680 1434 3741 veridicis
1447 3688 1513 3735 ortas
1527 3675 1655 3747 pra-dieta
1670 3670 1825 3744 prophetis,

1164 3779 1286 3837 vitemus
1301 3775 1430 3847 laqueos,
1444 3785 1512 3845 quos
1525 3766 1636 3826 lethiicr
1650 3764 1774 3835 implicat
1788 3758 1888 3831 angam.

1163 3869 1257 3929 Pande
1266 3869 1352 3934 riam,
1368 3879 1429 3938 qna)
1443 3879 1487 3921 me
1499 3870 1561 3936 post
1570 3856 1679 3917 tineuia
1689 3854 1815 3926 corporis
1828 3846 1890 3922 agri

1164 3965 1192 4021 in
1203 3962 1321 4020 sublime
1335 3961 1419 4016 ierat:
1436 3959 1554 4029 puriqua
1569 3955 1656 4010 tactca
1666 3948 1730 4006 tteii

1163 4055 1265 4114 Semita
1277 4062 1401 4111 ventosae
1412 4059 1525 4120 superat
1537 4060 1605 4117 uaga
1617 4041 1709 4110 nubila
1722 4041 1816 4097 Larsa.

1162 4151 1223 4219 Qua
1234 4161 1362 4220 proceros
1376 4143 1470 4202 abiere
1482 4141 1530 4213 pii,
1545 4151 1653 4212 ortaque
1663 4136 1770 4206 integer
1780 4132 1846 4189 otim

1164 4243 1271 4314 ttaptus
1281 4237 1443 4313 quadrijugo
1459 4241 1583 4308 penetrat
1592 4245 1674 4303 super
1686 4230 1789 4285 atirera
1804 4237 1884 4282 curru

1164 4332 1269 4402 idciias,
1284 4342 1311 4389 et
1325 4329 1414 4388 solido
1424 4343 1488 4386 cum
1501 4339 1616 4398 corpore
1632 4322 1750 4396 pravius
1764 4315 1868 4376 Eoocit.

1165 4427 1215 4497 iia,
1226 4426 1319 4493 Pater,
1333 4423 1429 4481 aeterni
1445 4429 1583 4493 speratam
1598 4415 1709 4473 luminis
1720 4427 1831 4470 auram:

1049 4559 1052 4561 v
1163 4520 1193 4578 Si
1209 4517 1375 4590 tapiolesnon
1387 4515 1452 4587 jure
1463 4512 1540 4582 deus,
1558 4523 1696 4582 unumque
1707 4503 1822 4565 terendi
1910 4515 1920 4522 ·

1164 4603 1512 4681 Suspiciensaitarcsaeri,
1528 4600 1731 4659 libentinaritm
1807 4633 1810 4637 -

1165 4703 1331 4760 intemerata
1345 4699 1418 4755 iero:
1438 4699 1461 4753 si
1476 4708 1503 4753 tc
1513 4695 1689 4766 Dominique,
1706 4691 1822 4762 Deiqoe,

1166 4793 1296 4866 linigerae
1310 4804 1449 4863 cognosco
1463 4788 1584 4853 Patrem,
1597 4786 1767 4856 missumque
1776 4780 1898 4847 Duobus,

1164 4890 1216 4958 Qui
1228 4903 1312 4961 super
1326 4899 1469 4959 aequoreas
1483 4882 1618 4941 roiitabat
1626 4879 1746 4952 Spiritus
1758 4875 1857 4934 aridas.

1165 4981 1214 5050 lia,
1229 4979 1353 5048 Genitor,
1369 4979 1488 5043 reniam,
1501 4974 1674 5045 cruciataque
1688 4981 1801 5043 pectora
1816 4978 1919 5040 purga:

1125 5061 1193 5129 DSi
1209 5078 1236 5128 tc
1248 5085 1302 5150 non
1316 5068 1450 5142 pecudum
1465 5066 1553 5134 ibris
1567 5080 1620 5122 non
1634 5060 1767 5135 sanguine
1783 5059 1847 5116 iuso

1163 5163 1265 5232 Quaero
1279 5179 1286 5218 :
1302 5178 1354 5220 nec
1369 5160 1478 5220 arcanis
1493 5173 1593 5216 numen
1606 5156 1733 5229 conjecto
1749 5152 1802 5211 sub
1816 5149 1909 5210 eatis:

1162 5257 1192 5316 st
1206 5257 1313 5314 sceiere
1323 5256 1459 5325 abstineo,
1474 5253 1564 5313 errori
1576 5250 1714 5310 obnoxius
1728 5267 1736 5303 :
1749 5255 1779 5306 ct
1795 5245 1822 5303 si

1162 5351 1233 5425 Opto
1246 5351 1345 5423 magis,
1358 5364 1439 5422 quam
1453 5348 1520 5418 ido,
1532 5347 1622 5404 boam
1634 5355 1774 5418 purusque
1787 5337 1908 5413 probari.

1162 5444 1323 5505 Confessam
1336 5442 1449 5515 dignare
1461 5442 1580 5498 animam
1597 5457 1604 5496 :
1619 5440 1642 5495 si
1658 5435 1783 5496 membra
1798 5433 1900 5491 caduca

1164 5536 1313 5603 Exsecror,
1329 5542 1357 5592 et
1370 5535 1482 5590 tacitum
1499 5537 1522 5589 st
1538 5534 1672 5605 poenitet:
1689 5529 1802 5599 sitaque
1815 5534 1911 5582 sensas

1164 5629 1297 5692 Formido
1310 5630 1461 5696 excruciat,
1478 5636 1669 5698 tormentaque
1681 5638 1742 5682 scra
1755 5620 1899 5693 gehenna

314 5725 393 5799 Quod
406 5725 475 5794 tun,
489 5734 537 5782 aut
551 5727 661 5783 reniet:
677 5724 934 5798 eujusiormamquc
946 5719 1112 5793 modiumque
1164 5721 1315 5795 toticipat,
1332 5723 1490 5795 patiturque
1504 5734 1571 5778 suos
1584 5731 1665 5776 mens
1675 5714 1768 5775 saucia
1785 5721 1895 5772 manet·
