4150 6167
286 249 339 312 5⁷5
977 239 1086 300 cttltlt
1106 238 1244 300 sublidit
1884 242 1929 300 bit

359 369 431 427 dccc
445 369 547 427 etenim
561 366 660 426 sceleri
674 365 765 424 scelus
779 363 887 421 addidit
906 362 948 420 ire
963 361 1087 429 lureutis,
1101 355 1129 420 A
1213 357 1318 429 Sponte
1331 336 1426 412 venire
1441 368 1535 428 pecus,
1549 354 1700 413 muliebres
1715 355 1852 412 transtulit
1867 367 1930 417 artus

359 462 561 536 flebraeumpuc
572 461 658 520 decos
669 458 763 518 Daniel
775 458 935 516 decernitur
946 456 1042 514 insons

286 555 341 614 ato
358 555 467 629 iciunis
482 555 561 613 cibes
574 570 636 613 esse
652 554 728 624 ieris,
741 551 792 610 sed
805 551 896 608 bellua
908 549 984 621 justo

360 650 434 707 blitis
448 648 520 706 lactc
534 649 607 715 viro,
619 657 731 705 muetos
744 659 780 702 ne
793 642 907 701 lederet
922 648 1008 708 artus,

360 744 450 816 cepit
464 758 560 801 amore
575 741 687 809 lamem,
700 740 790 797 rabies
805 736 909 795 mnilite
923 735 1044 792 lusorem

359 834 502 909 deposuit,
512 835 650 906 sacrisque
662 833 689 889 iu
702 829 828 889 lancibus
841 830 881 887 ira
891 827 1006 901 quievit,

361 933 395 991 Et
409 932 531 990 didicere
544 941 635 988 uncos
645 929 768 1003 predam
778 943 890 986 serrare
903 928 1009 984 leones.

289 1026 344 1087 220
403 1022 826 1103 179ὓὶο,ιι1ιίιιιιιι,ιιιιιιιι,
840 1029 894 1078 tue
904 1026 969 1091 post
980 1016 1093 1182 ἱιίἰιτιο·

237 1128 239 1131 ·
990 1124 1041 1183 ges

363 1211 430 1283 Quis
445 1210 527 1268 toties
539 1209 587 1267 tibi
598 1209 660 1282 jura
675 1208 753 1266 tuliti
764 1208 827 1280 quis
837 1214 938 1263 tertam
949 1202 1032 1275 jussit

361 1307 537 1364 Translatum
552 1305 660 1362 nescire
670 1304 772 1372 virum,
786 1302 963 1373 sterilemque
978 1297 1077 1355 marito

362 1400 529 1459 Fecundavit
541 1414 633 1467 anum,
648 1412 753 1456 sacram
768 1396 898 1468 precepit
908 1395 942 1450 ad
955 1407 1032 1451 aram

1143 449 1198 506 ἥδ
1216 450 1245 507 ln
1261 451 1406 506 simulacra
1420 447 1504 506 selis:
1519 463 1608 505 rames
1620 449 1746 507 incendia
1760 464 1856 523 passos

1214 543 1274 600 lion
1288 544 1386 600 erdere
1400 542 1492 599 dedit:
1509 543 1655 614 virgultum
1669 543 1749 598 soluit
1762 543 1788 598 iu
1808 558 1929 613 anguem:

1216 637 1268 693 Per
1280 636 1392 708 pelagus
1407 636 1519 692 siccavit
1533 636 1605 692 iter:
1620 636 1746 694 mirabile
1762 638 1862 694 nimbis

1216 732 1313 787 banna
1326 730 1405 802 pluit,
1421 745 1488 787 saro
1503 730 1597 786 latices
1612 729 1746 801 produxit
1758 733 1793 788 ab
1809 732 1881 788 imo:

1215 823 1426 895 Quadrupedem
1443 821 1493 877 lavi
1508 823 1592 894 plane
1604 836 1733 880 sermone
1747 825 1856 896 coepit:

1144 920 1198 977 250
1214 920 1294 994 ιω
1304 918 1449 989 suspensis
1458 918 1567 987 cepides
1578 917 1724 977 elementis
1733 921 1837 978 distulit
1850 920 1932 980 bont:

1217 1015 1271 1071 Per
1281 1012 1407 1070 volucres
1419 1011 1555 1069 bominem
1567 1013 1641 1085 pasci
1653 1013 1817 1088 deditatqee
1827 1018 1935 1075 coruscis

1219 1104 1248 1162 ln
1273 1105 1374 1163 eoelum
1400 1109 1552 1163 transvexit
1574 1106 1652 1179 equis
1670 1124 1678 1163 :
1699 1107 1756 1179 jam
1776 1121 1867 1167 morte
1884 1125 1935 1182 prr·
2025 1086 2026 1161 i

1854 1214 1908 1261 vnto

1220 1294 1330 1366 Adiecit
1345 1294 1395 1352 tria
1412 1294 1497 1351 lustro
1510 1295 1571 1353 vire
1583 1313 1590 1354 :
1604 1295 1743 1368 predonis
1758 1297 1785 1354 in
1800 1201 1852 1354 erg

1220 1388 1368 1463 Naufragio
1383 1387 1506 1447 leudovit
1519 1404 1620 1462 opem:
1636 1390 1769 1462 degrantc
1784 1391 1902 1448 ιιιιιιίιιιιΙ

967 1483 1058 1543 OPUS
1076 1481 1276 1543 essentie.

291 1588 467 1665 permutavit,
493 1601 575 1661 quem
596 1585 648 1643 sub
672 1584 753 1657 belus
776 1580 963 1640 delormitatis
986 1589 1099 1651 aspectu

292 1683 427 1741 birsutum
451 1682 529 1739 silvis
546 1690 574 1739 et
588 1679 727 1737 montibus
749 1689 855 1750 septem
883 1674 1014 1733 viderunt
1027 1682 1099 1729 tem-

298 1792 363 1850 pore
376 1784 565 1848 pervagatum.

330 1868 386 1925 ltuc
400 1869 491 1924 minus
507 1867 581 1922 lierii
597 1864 770 1935 postmodum
786 1860 939 1935 regnatoris
952 1858 1017 1915 dum
1031 1872 1103 1931 prac-

1191 1576 1250 1644 liic,
1266 1577 1310 1633 ubi
1327 1586 1389 1650 post
1405 1578 1469 1634 talia
1482 1590 1535 1634 tum
1546 1580 1705 1652 senticem,
1714 1581 1840 1653 pertinax
1851 1595 1944 1643 enatu-

1153 1686 1195 1740 ra,
1207 1672 1267 1743 quis
1283 1673 1363 1729 toties
1378 1673 1427 1729 tibi
1440 1674 1504 1745 jura
1516 1673 1673 1731 subtrasitl
1686 1675 1748 1747 quis
1763 1685 1777 1715 ²
1790 1679 1940 1737 transtrum

1151 1767 1258 1821 nescire
1279 1765 1366 1821 virium
1383 1765 1464 1836 irrisit
1486 1764 1633 1832 iulernum,
1650 1767 1737 1824 sterili
1756 1771 1838 1826 metri
1864 1769 1942 1827 lemn·

1154 1857 1215 1914 dum
1232 1859 1358 1929 prestitit
1371 1870 1551 1927 senectutem,
1567 1860 1600 1915 rd
1615 1875 1690 1917 aram
1707 1872 1807 1933 sponte
1821 1865 1942 1931 compulit
2026 1864 2027 1867 ’

293 1962 402 2020 teritem
416 1961 495 2017 luror
509 1961 631 2017 imitetur
642 1959 788 2025 insanium,
803 1957 909 2023 bonici,
924 1955 1103 2011 liebrcerum
1154 1956 1248 2011 venire
1262 1956 1406 2028 pecudem,
1421 1958 1584 2015 muliebrem
1595 1960 1712 2032 elligicm
1725 1959 1751 2015 in
1767 1958 1834 2016 selis
1847 1961 1943 2017 sinula-

293 2057 378 2114 decus
396 2055 608 2126 amplissimum,
625 2070 688 2111 cum
703 2052 769 2110 lerls
780 2051 886 2124 jejunio
900 2049 1047 2106 stimulatis
1058 2048 1100 2104 in·
1115 2030 1137 2091 Β
1151 2064 1226 2106 ctum
1234 2052 1378 2120 convertit,
1390 2067 1482 2109 rantes
1492 2052 1627 2110 incendiis
1635 2062 1782 2111 aestuantes
1793 2070 1850 2110 non
1860 2054 1942 2112 erdere

292 2151 423 2217 cluditur,
437 2157 465 2207 et
474 2150 609 2221 simplicis
623 2150 723 2204 auimae
735 2161 836 2220 corpus
844 2145 985 2202 innoxium
997 2141 1099 2199 sevius
1152 2145 1326 2215 monstravit,
1348 2146 1492 2218 virgultum
1512 2147 1593 2204 solvit
1603 2148 1797 2216 incelebrem,
1814 2164 1866 2221 per
1876 2149 1943 2205 mari·

293 2242 446 2302 vorandum
468 2242 605 2299 morsibus
622 2240 786 2314 deputatum
806 2239 898 2296 bellus
915 2247 1005 2294 temen
1028 2234 1101 2291 lucta
1152 2238 1311 2295 nosllucrus
1326 2240 1468 2310 pedestres
1483 2241 1611 2311 patclecit
1633 2242 1778 2309 incessus,
1798 2242 1943 2313 pluentibus

293 2335 368 2394 mitis
390 2345 419 2393 et
436 2335 555 2408 placida,
567 2343 723 2394 nesanctes
734 2344 809 2391 artus
821 2332 917 2389 insane
931 2331 1014 2389 dente
1025 2329 1101 2387 lacc-
1150 2330 1250 2387 uitrubis
1264 2340 1421 2388 nectareum
1436 2349 1535 2389 menne
1547 2333 1677 2401 did'udit,
1693 2350 1726 2391 ex
1742 2336 1885 2392 eventibus
1895 2336 1942 2391 sari

293 2437 367 2488 reret
380 2431 522 2498 esuriens,
537 2430 624 2497 eoepit
637 2443 731 2485 aurare
749 2427 805 2499 jam
824 2428 935 2493 lamere,
956 2424 1100 2495 vultusque
1150 2423 1302 2481 visceribus
1317 2424 1405 2481 nudos
1422 2424 1523 2497 ejecit,
1540 2440 1587 2482 ora
1611 2434 1696 2482 mute
1708 2426 1894 2498 quadrupedis
1906 2426 1943 2481 lu·

295 2521 425 2579 terribilis
440 2521 531 2592 subies
544 2520 650 2578 mollita
669 2519 853 2586 submittens,
868 2528 951 2589 atque
972 2517 999 2573 in
1015 2516 1100 2573 sevis
1150 2532 1229 2574 mana
1244 2518 1293 2574 lari
1305 2520 1387 2576 verba
1410 2520 1544 2589 permisit,
1560 2520 1695 2577 clementa
1716 2519 1816 2577 debris
1831 2521 1942 2577 cursibus

293 2614 416 2673 saucibus
428 2615 468 2671 ira
480 2614 609 2670 blandior
619 2611 830 2686 conquiescens,
845 2609 971 2685 genuinas
983 2608 1100 2665 leuitatis
1149 2612 1230 2683 longe
1249 2615 1369 2671 statione
1381 2614 1545 2685 suspendit,
1566 2615 1708 2672 volucrem
1723 2614 1885 2673 ministeriis
1902 2616 1943 2672 bn

294 2711 471 2769 immemores
484 2709 604 2783 predam
619 2723 731 2767 servare
746 2705 838 2765 docuit
852 2716 917 2764 tuuc
931 2705 1035 2763 leones.

1044 2822 1204 2882 scilecit.

294 2949 397 3022 glossa.
420 2947 474 3007 Sed
490 2948 560 3004 cum'
572 2962 669 3005 omncs
688 2946 774 3003 uestri
790 2957 856 3000 mss.
881 2957 943 2998 cnm
958 2939 1097 3011 plerisque
1150 2940 1267 2997 animam
1280 2938 1381 2998 Christi
1391 2942 1567 3000 descendisse
1577 2944 1724 3007 credimus,
1737 2945 1942 3002 utanimassne·

294 3023 374 3078 culitis
387 3028 500 3078 tencaut
510 3025 659 3091 furuerunt,
667 3017 694 3074 id
710 3014 960 3087 praestatretinrre,
972 3012 1097 3080 utramvis
1149 3010 1256 3069 eteruui
1271 3022 1378 3083 patruum
1394 3015 1543 3071 iibernrctl
1556 3014 1632 3081 Scin,
1648 3015 1700 3072 lrec
1715 3016 1803 3085 ipsum
1818 3019 1855 3072 ab
1870 3020 1943 3073 luere·

294 3093 420 3149 trerrnulli
433 3090 604 3162 grammatici
620 3097 718 3159 negem
735 3086 905 3156 praeteritum
919 3098 935 3139 a
950 3088 1019 3153 [uro.
1029 3082 1095 3137 Nam
1151 3083 1212 3140 ticis
1228 3086 1364 3141 neuturullis
1376 3088 1488 3157 negerl:
1505 3088 1552 3143 sed
1568 3103 1618 3143 eos
1628 3089 1737 3157 egregie
1749 3089 1863 3145 revincit
1877 3090 1943 3145 ieta·

295 3164 366 3220 lavet
381 3162 476 3231 Pro-a
491 3170 519 3217 et
533 3161 701 3229 punientium
717 3159 786 3231 inrui
799 3156 897 3213 Servio
912 3154 1053 3220 tribuitur,
1069 3164 1097 3210 ct
1151 3155 1213 3210 vius
1228 3156 1246 3209 l.
1260 3172 1309 3214 mu
1322 3156 1356 3214 de
1369 3157 1475 3214 lurcare.
1488 3174 1513 3216 c.
1529 3158 1573 3215 td.
1588 3158 1653 3215 ilide
1667 3159 1685 3213 l.
1698 3175 1724 3225 v,
1743 3175 1816 3217 vers.
1831 3160 1894 3217 lid.

294 3234 385 3290 Plinio
399 3233 481 3288 etiem
494 3231 686 3288 sbllnrdninu.
698 3228 825 3287 Ostendit
835 3238 968 3295 praetcrea
982 3226 1096 3281 Anniae·
1184 3225 1248 3282 223.
1265 3231 1320 3285 Oti.
1334 3229 1362 3297 2,
1377 3247 1457 3284 nnunt
1471 3230 1576 3294 Seram,
1592 3231 1724 3306 precepit.
1745 3231 1775 3287 lu
1801 3232 1860 3288 eliis
1884 3247 1942 3288 mss.

295 3306 367 3373 nitus,
385 3306 500 3377 perorant
514 3305 633 3374 grauiori
655 3302 703 3358 irre
716 3301 811 3367 tribui,
825 3300 950 3366 ndeoeue
963 3297 1097 3364 deruerunt
1150 3315 1245 3355 terum
1257 3310 1299 3356 est
1312 3301 1402 3371 glossa
1417 3317 1498 3374 supra
1510 3320 1599 3359 αιιιιιιι.

296 3390 378 3446 posse
388 3390 450 3431 esse
460 3376 579 3446 glossam
592 3374 721 3443 praeteriti
733 3374 883 3441 furuerunt.
899 3369 928 3426 ln
938 3367 1037 3423 Darius
1049 3385 1098 3425 an·
1184 3369 1249 3426 tut.
1266 3372 1438 3429 liurrnaunus
1449 3382 1536 3441 nuent,
1548 3374 1808 3447 interpungendum,
1818 3374 1943 3431 mirabile!

295 3447 427 3520 tiuuinres
443 3448 557 3516 primaru
577 3457 605 3504 et
622 3445 770 3503 secundam
786 3441 995 3513 producebant:
1011 3440 1099 3497 Sedu·
1149 3441 1254 3497 uinclis.
1266 3443 1366 3501 teron
1378 3446 1740 3518 concideturinterjectiuni
1753 3448 1797 3504 bic
1807 3450 1943 3504 locuscsse

294 3517 361 3587 lius,
383 3519 522 3587 Sidonius,
539 3529 568 3577 et
587 3518 645 3580 alii,
662 3514 982 3584 utrernnuecorripirrnt3
998 3528 1097 3580 penniv-

295 3607 376 3663 quarn
390 3590 418 3647 iu
431 3592 542 3648 sedulio
552 3590 699 3664 syneresis
715 3587 773 3644 lieri
786 3593 885 3655 potest,
896 3597 943 3640 aut
953 3583 1007 3655 legi
1019 3583 1095 3646 Davi,

329 3662 394 3719 uta.
416 3662 465 3719 Hit·
481 3678 578 3719 versus
590 3661 657 3718 ldcce
671 3661 752 3718 deest
762 3660 788 3715 in
803 3657 867 3713 Vat.
883 3657 911 3719 2.
923 3657 999 3724 urb,
1010 3656 1095 3729 Aug„

296 3733 363 3807 iieg.
377 3733 405 3800 l,
423 3736 452 3805 ὅ,
467 3734 545 3798 Uvb..
562 3735 633 3798 ileo,
649 3733 744 3800 Rem,
766 3729 840 3800 uid,
859 3728 972 3791 Perrh..
990 3732 1096 3799 druria,

295 3804 384 3878 urps,
404 3822 456 3862 rurs.
476 3806 590 3874 lloirrsii,
605 3806 684 3861 Cant.
700 3804 815 3861 ddulitus
834 3811 876 3856 est
890 3802 917 3856 iu
941 3799 1001 3857 Vct.
1023 3803 1097 3860 lue·

294 3878 412 3935 centinri
423 3894 515 3944 ruatnu,
529 3879 598 3933 etin
614 3877 670 3933 Οιι.
690 3878 703 3931 l
718 3876 857 3945 ascriptus
868 3873 897 3929 iu
911 3872 965 3928 linc
980 3875 1095 3942 papium,

294 3959 323 4005 ct
334 3951 360 4004 ln
374 3948 441 4020 lieu.
453 3949 472 4004 2
485 3951 518 4006 ud
530 3952 692 4018 ruvrvrpinem.
708 3947 737 4002 lu
754 3947 819 4013 tien.
835 3948 848 4000 l
863 3945 936 4013 prius
947 3955 991 4000 est
1000 3961 1098 4005 versus

296 4019 373 4083 Ecce.
387 4032 443 4077 tum
461 4019 517 4077 Nec
532 4023 633 4076 mistus:
643 4019 691 4075 scd
706 4020 813 4089 siguum
825 4015 996 4086 traiectionis
1007 4017 1096 4076 adcsl.

295 4091 368 4148 idern
382 4092 450 4161 llere
465 4094 548 4149 labet
559 4090 625 4147 lt'ccc
638 4090 743 4157 etenim,
758 4088 806 4145 sed
816 4101 866 4158 pro
880 4087 973 4141 omniur
982 4088 1097 4148 lnrtnsse

295 4161 347 4219 luit
360 4162 446 4218 uliud.
463 4167 520 4220 litt.
541 4165 569 4228 Ξ,
593 4164 679 4219 cndcu
697 4161 729 4227 li,
746 4174 773 4216 et
788 4161 857 4216 alius
872 4173 926 4214 ms.
941 4161 1014 4228 apud
1030 4161 1097 4216 Bur-

297 4248 442 4303 mannum,
456 4235 522 4293 Ecce
538 4235 625 4301 eliud,
648 4233 721 4307 quod
742 4235 915 4288 Bnrmaunus
936 4243 1031 4288 innuet
1049 4236 1098 4288 de·

294 4315 434 4373 sumptum
448 4321 481 4362 ex
506 4307 618 4380 Virgilio
637 4323 655 4363 n
669 4304 735 4362 AEn.
755 4303 824 4362 Ecce
836 4301 910 4358 eliud
925 4305 1021 4376 majus.
1043 4304 1096 4361 tuti

296 4377 429 4434 exiribeut
446 4377 623 4437 detectorum.

329 4447 395 4505 tte.
415 4449 443 4506 Ιιι
455 4457 576 4508 castruino
590 4449 848 4522 vulpatnlluttrelm.
866 4447 1039 4519 devirginit.
1057 4449 1097 4504 in-

295 4522 397 4577 seritur
414 4522 457 4577 liic
473 4538 581 4588 versus,
599 4532 628 4580 ct
643 4523 743 4592 legitur
757 4519 919 4577 Edidicerc:
934 4521 981 4574 sed
999 4521 1027 4575 iu
1044 4535 1095 4576 ms.

296 4590 387 4647 iuveni
406 4592 440 4646 lit
459 4594 585 4651 didicere.
610 4593 799 4652 Nebrisseusis
815 4608 849 4649 ex
874 4589 989 4648 blnrtiali
1006 4608 1025 4655 r,
1049 4609 1093 4662 cp.

297 4660 360 4729 lbi,
377 4664 412 4720 de
428 4665 507 4723 leone
531 4678 559 4723 ct
581 4667 675 4735 lepore
690 4663 796 4734 prefert
812 4682 819 4718 ε
836 4662 871 4718 Et
884 4662 1051 4718 securiorem
1066 4664 1093 4718 iu

294 4748 340 4787 erc
352 4737 540 4820 predeldeur
555 4738 689 4795 Martialis
700 4752 721 4803 ι,
735 4752 780 4808 cp.
796 4735 823 4803 7,
838 4736 875 4790 ait
892 4752 898 4788 :
919 4731 1001 4789 Tutus
1013 4746 1038 4789 ct
1053 4736 1095 4790 in·

293 4805 481 4947 ρεῗὲἆαῗιεὲιη
492 4810 732 4950 ίἴεέιειριῗιιριιιιιιιιιό
744 4878 859 4934 omnium
880 4878 1018 4960 ultionum.
1034 4877 1093 4939 02t.

294 4946 322 5013 i,
337 4945 527 5022 decapitulatio
540 4954 652 5009 orrruivnn
661 4951 855 5008 miraculorum.
868 4950 960 5013 Rom..
974 4949 1093 5006 interro-

292 5020 364 5089 pntie
378 5032 469 5078 contre
483 5033 614 5079 ueterem.
631 5024 722 5088 linus,
749 5020 874 5095 Epiloprrr
894 5022 1090 5092 predictorum.

293 5090 395 5146 liratnv
414 5096 487 5151 clerc
509 5095 630 5153 innitatur
649 5095 790 5152 Scdulium
807 5095 826 5150 l.
843 5097 868 5152 l.
885 5110 957 5149 vers.
974 5094 1037 5164 890,
1055 5096 1091 5151 al.

292 5161 366 5219 825:
382 5163 445 5232 lita,
460 5167 504 5223 trivi
517 5178 588 5228 suut.
601 5169 747 5231 munidenu,
761 5178 822 5228 tttoe.
837 5165 974 5236 snpientia,
991 5166 1079 5237 deperi

329 5235 661 5307 subducerentur,
686 5241 727 5295 vel
752 5242 854 5297 totiens.
879 5238 945 5295 tou,
972 5239 1003 5295 tt.
1029 5255 1092 5297 cum

293 5303 360 5390 Rea.
381 5310 393 5367 l
414 5327 484 5382 apr.
499 5328 548 5379 ιιι,
566 5313 617 5381 Qui
629 5313 715 5368 toties.
732 5312 761 5367 lu
776 5313 850 5368 toties
870 5321 899 5367 et
916 5311 1008 5367 totiens
1023 5326 1091 5368 ross.

289 5387 372 5437 elram
388 5384 505 5442 varient.
521 5386 604 5449 lidrti,
614 5386 659 5458 prii
671 5394 791 5441 tartare:
802 5399 819 5440 e
829 5399 896 5440 mss.
911 5384 1014 5440 nestris
1029 5381 1091 5439 Vnt.

255 5517 259 5526 ,
289 5447 303 5504 ¹
315 5464 330 5503 θ
342 5466 384 5519 er.
396 5472 446 5520 ιιι..
458 5457 525 5530 Reg.
534 5458 563 5522 b,
576 5461 660 5525 dieue,
671 5459 729 5529 quir
739 5465 856 5512 turture:
867 5455 913 5513 elii
925 5471 987 5512 oum
998 5453 1091 5514 editis.

323 5520 388 5579 222.
406 5527 501 5587 Posset
514 5532 646 5602 sterilique
656 5531 760 5585 meritc.
776 5528 922 5596 CellarinS,
934 5536 963 5583 et
975 5528 1091 5584 arnum·

286 5600 348 5661 nius
372 5616 472 5664 rnrtnrn
495 5610 712 5681 interpretemur
733 5608 769 5665 de
791 5606 935 5676 sepulcre,
958 5603 1002 5660 vel
1017 5611 1089 5661 statu

287 5685 468 5735 mortuorum.
478 5679 534 5736 Sed
547 5696 597 5737 cur
610 5695 665 5738 non
678 5680 714 5737 de
727 5679 823 5737 inieris
835 5678 957 5744 sedibus,
973 5675 1006 5732 ad
1021 5691 1089 5748 quas

324 5797 336 5825 ⁸
351 5785 403 5842 dlii
419 5786 482 5852 Qttr’,
497 5789 542 5844 atii
555 5790 631 5854 Qrvir.

1150 3524 1241 3583 uptus·

1149 2708 1249 2765 minem
1262 2709 1345 2780 puvir,
1361 2717 1391 2766 et
1403 2707 1430 2765 in
1446 2709 1546 2766 coeluuu
1559 2710 1666 2767 corusci
1679 2711 1819 2783 equitatus
1828 2725 1943 2784 areper-
2027 2730 2028 2747 ι

1184 3584 1248 3642 228.
1266 3587 1331 3657 iles.
1345 3587 1373 3653 b,
1386 3587 1448 3643 Vnt.
1458 3589 1487 3654 Ξ,
1499 3602 1594 3648 contra
1607 3600 1722 3648 metrum
1732 3590 1811 3664 pluit,
1822 3593 1864 3661 nsi
1875 3606 1940 3646 sero.
2028 3646 2029 3661 ,

1148 3655 1194 3712 Sic
1208 3658 1293 3714 edirlit
1313 3659 1414 3725 didus,
1434 3660 1480 3731 qui
1505 3664 1664 3733 plerumque
1687 3663 1730 3717 luis
1753 3663 1858 3718 duobus
1881 3677 1940 3716 mss.

1149 3728 1296 3784 consentit.
1313 3730 1437 3802 Plerique
1453 3747 1530 3799 mss,
1547 3747 1574 3790 et
1587 3735 1669 3797 editi,
1684 3734 1766 3808 pluit,
1784 3751 1846 3789 ruso
1861 3735 1941 3788 letires

1149 3801 1271 3864 producit
1295 3799 1326 3855 nb
1348 3802 1411 3857 into.
1435 3803 1523 3860 Minus
1543 3807 1613 3862 bene
1635 3806 1742 3863 Poclm.
1765 3806 1900 3874 producit,
1918 3814 1942 3857 et

1149 3869 1243 3926 Perrh.
1260 3873 1291 3927 nb
1302 3890 1362 3928 runo.
1379 3875 1542 3933 lirulzeuius
1555 3878 1747 3948 suspicabatur
1759 3877 1791 3930 nlr
1805 3880 1864 3940 icto,
1885 3875 1940 3945 mnis

1148 3943 1253 4000 scilicet
1278 3959 1434 4014 percussum
1457 3958 1499 4003 est
1522 3964 1638 4004 sexuum:
1661 3949 1709 4005 sed
1726 3964 1759 4004 ex
1782 3964 1832 4003 ms.
1856 3952 1939 4002 brute.

1148 4017 1290 4083 rescripsit
1315 4017 1373 4071 rusi
1395 4017 1483 4075 latices
1502 4023 1628 4093 producit
1646 4020 1678 4074 nli
1695 4020 1758 4084 into,
1773 4030 1801 4074 nt
1815 4020 1864 4074 noc
1878 4018 1941 4073 libro

1148 4100 1221 4142 vcrs.
1238 4087 1290 4145 502
1303 4088 1355 4142 ium
1370 4091 1514 4162 profundi,
1530 4105 1557 4147 ct
1578 4093 1854 4162 sirnilie.·prccsertim
1876 4087 1940 4157 apud

1149 4167 1253 4228 pectus.
1275 4160 1303 4215 in
1327 4158 1468 4217 diluendis
1486 4172 1576 4219 temen
1590 4164 1712 4234 agruevit.
1728 4161 1854 4234 frequens
1865 4164 1941 4216 ctiam

1147 4244 1210 4286 csse
1218 4231 1298 4285 iturum
1308 4247 1411 4298 secum,
1422 4233 1502 4288 inrum
1515 4235 1675 4303 pulmonem,
1687 4236 1769 4289 imum
1780 4233 1939 4305 molendum.

1148 4299 1272 4368 lulclliue
1289 4303 1347 4373 pub
1363 4304 1430 4374 pluit
1446 4323 1552 4363 mertun.

1181 4371 1248 4429 229.
1256 4373 1357 4430 Omnes
1367 4376 1452 4431 nostri
1463 4378 1593 4434 tredecim
1606 4393 1672 4435 mss.
1684 4392 1746 4433 cum
1757 4376 1860 4439 Purrb,
1869 4373 1940 4432 illul..

1146 4451 1175 4498 et
1190 4444 1269 4501 codd.
1286 4445 1398 4512 lleinsii,
1414 4448 1502 4519 Lips.,
1527 4452 1635 4517 druia,
1656 4449 1752 4517 Curre,
1775 4450 1870 4521 pleno:
1889 4460 1940 4499 uon

1148 4517 1226 4584 pauci
1244 4517 1325 4580 editi,
1350 4521 1434 4585 pleno.
1461 4519 1576 4577 Scbedae
1601 4522 1705 4578 Peelm.
1731 4530 1760 4576 et
1787 4519 1938 4575 lirurtrenius

1149 4589 1297 4653 probarunt
1311 4590 1400 4657 pleno,
1412 4593 1489 4660 crrjrus
1501 4594 1591 4664 glossa
1602 4602 1645 4648 est
1658 4594 1685 4648 in
1698 4591 1767 4655 Res.
1778 4590 1790 4645 l
1802 4588 1939 4650 articulato,

1147 4669 1226 4724 recto,
1242 4661 1281 4715 uei
1293 4672 1363 4725 opto.
1380 4661 1550 4719 Birrmuunus
1562 4663 1719 4734 preferebat
1733 4662 1820 4733 pleno,
1834 4660 1939 4786 uiximus

1148 4744 1208 4784 rece
1222 4732 1291 4798 upurd
1309 4732 1448 4802 Virgilium
1474 4735 1546 4790 litun
1567 4735 1668 4807 Georg.
1683 4749 1757 4790 sem.
1781 4733 1844 4790 itit.
1884 4730 1939 4784 duit

1148 4799 1286 4857 Lucanum
1304 4803 1323 4858 Ι.
1338 4819 1376 4872 vr,
1389 4820 1460 4860 turs.
1473 4806 1536 4862 622.

1182 4871 1246 4929 25⁰.
1257 4874 1383 4931 Nonnulli
1392 4876 1468 4942 editi,
1481 4879 1640 4948 Suspensus:
1649 4879 1710 4951 lego
1721 4877 1867 4947 Serpentis.
1875 4873 1937 4941 ern.

1146 4942 1175 5071 ἓ,
1188 4944 1273 5071 lienus,
1290 4945 1416 5003 obstulit:
1433 4949 1460 5003 in
1474 4949 1541 5022 Reg.
1555 4951 1572 5005 l
1587 4950 1735 5006 recentiori
1751 4964 1832 5005 uiuum
1847 4948 1938 5002 iactuum

1164 5027 1217 5071 retu
1230 5026 1259 5074 tt.

1181 5088 1246 5145 uel.
1262 5089 1330 5155 lice.
1345 5090 1374 5150 5.
1385 5090 1442 5147 Oli.
1456 5090 1485 5154 2,
1501 5091 1585 5159 licus,
1603 5093 1675 5157 ltu..
1701 5091 1753 5147 Per
1772 5094 1938 5158 columenque

1144 5159 1286 5216 bominem.
1306 5160 1363 5215 luc.
1379 5161 1407 5228 2,
1424 5163 1498 5232 ald„
1516 5163 1567 5219 Per
1576 5164 1755 5235 volucremque
1768 5164 1898 5223 tuentum,
1911 5166 1939 5211 et

1146 5230 1206 5288 iat.
1223 5232 1330 5289 suddit
1345 5249 1465 5289 errrvreur
1482 5236 1547 5301 pisci
1559 5249 1608 5303 pre
1622 5236 1702 5304 posci.
1723 5237 1776 5291 ,itii
1797 5250 1859 5288 mss.
1876 5243 1935 5284 curu

1146 5301 1254 5369 vau-ru..
1272 5314 1298 5359 ct
1309 5304 1445 5373 plerisque
1455 5307 1535 5361 editis
1549 5305 1602 5361 Per
1610 5307 1727 5362 volucres
1737 5306 1862 5361 hominem
1868 5299 1935 5373 passi

1144 5374 1225 5441 dedit,
1236 5386 1264 5430 ut
1281 5393 1313 5431 nc
1327 5377 1450 5432 coruscis.
1463 5377 1544 5443 bre..
1558 5377 1649 5440 unni..
1661 5379 1743 5442 dedit,
1759 5376 1804 5432 itte
1819 5373 1932 5430 ceretis·

1178 5448 1245 5504 252.
1261 5393 1389 5504 *errasse
1402 5464 1436 5504 es
1451 5449 1547 5506 ovidio
1562 5465 1600 5513 nv,
1615 5448 1679 5504 liet.
1696 5450 1761 5505 lte.
1777 5447 1866 5502 Oculos
1877 5445 1933 5525 ian

1144 5530 1225 5576 morte
1244 5527 1374 5591 pronatus,
1391 5520 1437 5577 ubi
1449 5521 1572 5577 nonnulli
1588 5520 1691 5579 babent
1705 5522 1796 5577 mines
1809 5519 1932 5584 terrorum

1143 5594 1171 5650 t'u
1184 5603 1276 5650 morte.

1174 5668 1238 5726 tot.
1250 5667 1331 5738 Urb,
1344 5664 1499 5739 Naufrnpo:
1511 5664 1551 5723 sic
1561 5663 1617 5724 ou.
1630 5665 1644 5722 l
1656 5680 1672 5722 a
1684 5679 1725 5738 pr.
1740 5679 1791 5735 m.,
1802 5659 1929 5727 seduna
