4150 6167
268 226 322 286 sss
964 219 1234 282 emtusuoucu
1843 228 1887 291 q,

339 342 421 416 259
434 339 511 396 tunc
524 338 657 396 boninus
669 335 775 407 mundi,
786 337 834 394 iux
848 344 952 405 nostra,
967 344 996 392 et
1008 340 1104 399 ser-a
1188 335 1271 409 20⁰
1291 332 1396 403 Cernit,
1425 339 1455 390 et
1477 330 1621 390 ardentem
1643 329 1709 389 solia
1728 334 1885 398 reminiscitur

829 430 885 505 [mo
899 429 1034 502 parentis,
1758 429 1857 504 [orbem

339 525 474 585 Sardibus
484 525 614 593 exclusis,
626 524 722 584 oculos
735 533 818 597 atque
829 538 878 580 ora
891 521 1026 590 ιιιιιιιὶις
1071 545 1074 550 ·
1121 523 1175 582 205
1192 522 1292 580 Totum
1314 529 1406 581 erecta
1420 519 1537 587 ridens;
1562 518 1626 592 quia
1640 533 1708 592 quos
1727 522 1805 580 malus
1815 528 1888 597 oppri-

339 620 484 693 Verbnque
505 618 694 692 perverbum,
709 635 759 693 per
776 619 868 676 lumen
888 618 990 675 lumina
1011 631 1072 673 sur·
1710 610 1767 683 [mit
1778 613 1860 685 bosus,

542 710 544 715 ’
944 711 1034 786 [gunt.
1193 708 1249 765 lma
1270 715 1388 781 petunt;
1411 721 1480 780 quos
1494 706 1623 764 cbristus
1645 705 1704 775 alit,
1725 707 1780 765 sino
1792 708 1844 767 labe
1856 728 1892 769 re.
2003 771 2004 774 Ἴ

375 809 495 867 Venerat
506 817 535 866 et
549 808 660 876 mulier,
675 808 773 866 morbo
786 814 929 864 contracta
943 811 1063 872 uetusto,
1743 796 1863 872 [surgunt.

266 901 322 962 aab
339 901 397 962 Non
412 902 503 969 senio,
526 900 718 968 tremebunda,
742 916 864 974 gemeus,
884 897 1008 968 incursa,
1025 911 1072 954 ca·
1228 892 1351 965 Cumque
1371 890 1472 949 debinc
1494 891 1625 963 populum
1640 904 1701 949 scse
1713 889 1740 947 iu
1752 891 1846 949 deserta
1856 910 1890 954 ιι-

1010 992 1016 1046 i
1773 999 1830 1044 otttt
1857 1030 1863 1054 ,

341 1089 479 1156 vultibus,
494 1096 523 1145 et
535 1087 623 1145 solam
638 1088 803 1159 despectans
816 1101 917 1144 cernua
931 990 1045 1142 gilini.
1193 1081 1231 1139 llt
1242 1080 1349 1153 typicus
1360 1080 1477 1154 Moyses,
1493 1094 1630 1153 rerutque
1643 985 1783 1152 propbeta[,
1797 1005 1883 1141 ridfret
2003 1065 2004 1074 ¹

339 1183 418 1252 Qua,
438 1182 554 1240 Domino
579 1181 738 1248 miserante,
760 1180 840 1253 juges
862 1187 924 1253 post
944 1189 1008 1235 octo
1023 1176 1072 1234 de·
1192 1174 1338 1244 Antiquam
1352 1174 1456 1230 sentire
1470 1171 1587 1238 lamam,
1603 1171 1749 1244 majoribus
1762 1174 1825 1230 aeis

908 1271 1034 1346 [remque
1120 1268 1176 1326 tto
1193 1264 1341 1337 tanqum
1352 1267 1516 1324 monstrarit
1525 1279 1605 1337 opem
1618 1281 1626 1332 ;
1643 1274 1707 1321 tuuc
1720 1266 1782 1324 alite
1794 1268 1866 1325 multo

337 1370 458 1430 Hembra
471 1371 543 1429 leuat
558 1383 672 1438 messes,
685 1368 852 1440 celumque,
865 1379 897 1422 ac
910 1365 1002 1422 sidera
1013 1373 1072 1420 tan-
1194 1358 1291 1416 Carnis
1316 1359 1408 1431 opima
1432 1357 1527 1428 dedit,
1555 1357 1674 1431 geminis
1693 1358 1773 1417 modo
1786 1359 1896 1525 [piscibus

959 1455 1034 1531 [dem
1421 1486 1425 1506 ·
1796 1454 1868 1512 aurit.

268 1676 402 1750 compulit
415 1673 549 1733 insanire.
561 1671 631 1729 liuic
643 1668 801 1727 misericors
813 1668 900 1725 totius
910 1665 1005 1724 mundi
1016 1665 1070 1721 sal-
1083 1666 1108 1728 Β
1121 1671 1176 1719 tem
1197 1660 1343 1732 aliquando
1366 1660 1554 1719 reminiscitur
1565 1677 1597 1719 se
1609 1661 1726 1719 vidisse.
1749 1661 1815 1731 Quid
1834 1664 1898 1722 dille·

271 1780 361 1840 rator,
382 1771 427 1827 lux
448 1775 553 1832 nostra,
569 1780 661 1823 sermo
678 1764 823 1838 genitoris,
835 1761 959 1820 obsceno
971 1759 1071 1832 spiritu
1120 1767 1175 1823 rat,
1187 1754 1262 1813 idola
1278 1755 1412 1822 colentes,
1427 1754 1574 1823 advertite,
1586 1755 1659 1812 inter
1673 1755 1769 1823 Deum,
1783 1773 1854 1828 quem
1867 1757 1902 1813 lu·

270 1865 391 1928 turbato,
406 1862 496 1917 risum
508 1858 638 1922 reddidit,
654 1871 686 1913 os
706 1857 825 1925 nouauit,
840 1870 945 1927 perque
956 1853 1071 1911 vernon
1120 1852 1194 1925 gitis,
1209 1857 1238 1907 et
1257 1848 1423 1917 damonem,
1435 1864 1518 1921 quem
1533 1850 1657 1922 placatis,
1674 1848 1698 1907 si
1712 1850 1809 1921 placari
1822 1861 1897 1909 tanen

270 1956 354 2012 rerba
367 1952 524 2022 proliciunt,
536 1965 586 2021 per
599 1951 690 2005 lumen
705 1949 809 2005 lumina
821 1948 998 2005 reviviscunt.
1122 1948 1145 2005 is
1158 1947 1256 2018 possit,
1272 1948 1319 2018 qui
1330 1944 1433 2002 tardere
1444 1960 1499 2001 uon
1512 1945 1630 2002 desistit.
1644 1944 1748 2002 Omnes
1758 1945 1837 2013 enim,
1848 1960 1903 2017 qnos

306 2046 404 2104 liulier
425 2059 534 2118 quoque
548 2052 664 2100 venerat
686 2040 856 2112 suspiranda,
876 2041 963 2097 reteri
986 2040 1074 2112 magis
1122 2043 1171 2101 iile
1182 2041 1318 2115 possidet,
1332 2040 1526 2113 opprimuntur
1541 2060 1548 2097 ι
1561 2057 1630 2113 quos
1643 2040 1774 2100 cbristus
1783 2044 1842 2115 iugo
1853 2058 1903 2100 sua-

270 2149 414 2198 cootracta
428 2136 536 2202 morbo,
551 2148 632 2206 quam
647 2134 735 2200 sertio,
751 2144 831 2206 gestu
842 2132 968 2201 tremula,
984 2131 1076 2204 gemi·
1124 2135 1245 2193 vissimre
1260 2134 1380 2191 levitatis
1392 2146 1501 2202 onerat,
1515 2135 1682 2191 atterantur.

270 2234 344 2291 tibus
365 2230 483 2297 anbcia,
507 2226 630 2296 scapulis
652 2242 755 2294 curva,
779 2227 901 2282 vulsinus
923 2225 1073 2293 inclinata,
1118 2285 1121 2292 ,
1158 2226 1226 2284 lade
1238 2242 1300 2283 curo
1314 2227 1443 2298 populum
1457 2227 1483 2282 in
1496 2225 1606 2284 deserta
1619 2235 1870 2298 seseprosecuton,
1882 2235 1907 2282 ut

270 2339 434 2396 semperque
446 2322 613 2392 despectans
632 2320 762 2374 humilem
777 2333 877 2374 cernua
892 2316 1074 2388 depressione
1125 2320 1234 2394 Moyses
1254 2319 1376 2394 typicus,
1400 2330 1429 2376 et
1452 2320 1584 2392 propbeta
1598 2336 1695 2388 verus,
1710 2321 1840 2392 aspiceret
1851 2322 1907 2375 anti·

270 2419 409 2476 tellurem.
430 2415 497 2484 Qua
512 2412 620 2470 Domini
637 2410 785 2467 uirtutibus
799 2408 914 2466 allevata
929 2418 991 2481 post
1011 2419 1075 2466 octo
1116 2430 1192 2486 ⁴quae
1202 2415 1293 2471 rictus
1306 2412 1454 2470 sterilitate
1471 2412 1600 2481 deicere,
1616 2414 1748 2470 maximis
1762 2413 1908 2485 antiquare

267 2510 348 2583 luges
362 2521 461 2571 annos,
484 2519 516 2561 sc
530 2502 639 2567 decem,
655 2499 786 2559 membris
811 2509 903 2558 erecta
929 2502 1073 2571 suspensis
1124 2506 1191 2563 latia
1212 2506 1351 2578 repararit
1370 2507 1535 2579 augmentis.
1557 2506 1634 2563 Tutrc
1654 2506 1792 2577 siquidem
1810 2506 1912 2578 repenti-

269 2602 370 2661 coelum
393 2608 498 2664 tuetur,
519 2612 553 2652 ac
575 2594 679 2665 sidera,
702 2592 870 2665 globumque
884 2593 954 2650 solis
974 2594 1075 2652 arden·
1124 2615 1187 2655 nam
1200 2599 1294 2656 multae
1308 2597 1431 2656 nolucris
1443 2612 1567 2667 carnem,
1579 2596 1662 2656 modo
1673 2598 1793 2656 duorum
1812 2597 1911 2669 piscium

1015 2730 1173 2792 suueuia.

306 2837 368 2896 196.
385 2831 490 2890 Poelm.
500 2829 535 2886 ad
549 2843 650 2900 marg..
667 2826 751 2883 Fabr.
765 2835 795 2883 et
814 2826 859 2908 alii
876 2825 1000 2910 nonnulii
1014 2825 1075 2882 rui·
1124 2828 1273 2885 tenendum
1287 2844 1321 2885 ex
1332 2828 1406 2885 Luca
1420 2843 1446 2884 c.
1461 2844 1517 2895 rin,
1534 2830 1580 2886 ubi
1600 2830 1661 2885 iaec
1674 2831 1778 2888 mulier
1790 2829 1864 2888 annis
1874 2829 1913 2886 de

269 2910 338 2984 gati,
351 2908 398 2963 luc
411 2921 480 2961 nera
497 2901 612 2959 Sciredre
633 2899 737 2956 Poelm.
758 2913 822 2954 cnm
838 2908 941 2953 nostris
964 2911 1030 2953 mss.
1046 2906 1076 2954 et
1125 2916 1184 2957 cent
1199 2908 1227 2956 et
1240 2910 1303 2956 octo
1317 2915 1351 2957 co
1365 2900 1463 2956 morbo
1480 2901 1617 2957 laborasse
1630 2902 1750 2959 dicitur.
1778 2902 1865 2958 ilaris
1875 2915 1914 2971 pro

269 2975 501 3054 praestantissimis
512 2971 691 3036 editionibus,
703 2970 856 3026 luanostrc.
866 2969 1071 3039 Rom.,nastrc,
1124 2987 1197 3028 anno
1216 2987 1290 3042 saepe
1311 2973 1441 3041 sumitur,
1467 2980 1497 3027 ut
1520 2971 1613 3039 abias,
1627 2974 1725 3036 criste,
1750 2985 1804 3032 etc.
1823 2975 1914 3035 emta,

270 3067 374 3110 termo:
393 3055 510 3102 metrum
526 3043 610 3113 erigit
624 3054 724 3102 nostro.
738 3049 761 3095 et
776 3056 871 3096 samo.
1124 3043 1181 3099 0tt.
1198 3045 1210 3099 1
1226 3043 1253 3098 in
1267 3051 1408 3108 contestu,
1423 3052 1452 3099 et
1465 3043 1605 3099 rronnuilre
1624 3045 1779 3114 editiones,
1791 3055 1836 3113 er;
1850 3043 1917 3115 pleri·

307 3123 369 3180 lbi.
386 3118 461 3175 licus
486 3114 617 3170 ruendosc
640 3110 757 3166 linriius
780 3128 831 3181 prn
854 3110 993 3166 Sardibus.
1019 3110 1071 3166 Ed.
1124 3129 1178 3185 que
1192 3130 1259 3170 mss.
1276 3130 1337 3170 cum
1360 3114 1421 3168 aliis
1435 3113 1528 3180 editis,
1552 3131 1593 3169 cc.
1615 3115 1681 3171 alb.
1698 3132 1733 3173 cr
1750 3116 1839 3190 glossa
1861 3116 1915 3170 leret

268 3195 344 3266 Lips.
361 3204 415 3245 non
430 3185 502 3242 male
522 3183 637 3253 caputiis
651 3196 703 3253 pro
724 3182 848 3236 emissis.
864 3182 992 3239 Sedulirts
1007 3181 1072 3238 aiibi
1124 3202 1227 3253 nanos,
1242 3185 1342 3241 deinde
1356 3183 1460 3251 coium,
1476 3202 1508 3240 oc
1519 3185 1607 3241 sideru
1621 3187 1745 3244 tandein.

268 3266 351 3321 ctiam
367 3253 664 3322 adtribeteaciudopro
678 3252 830 3325 cresilas.
845 3253 1070 3309 [inmerenscartn.
1159 3256 1224 3312 iot.
1240 3256 1307 3328 Reg.
1321 3258 1350 3320 Ξ,
1368 3273 1418 3322 αις
1431 3258 1477 3311 alii
1494 3257 1645 3324 venustius,
1661 3267 1699 3313 et.

269 3353 289 3403 ι,
307 3335 334 3390 in
354 3329 460 3386 laudern
479 3325 607 3381 bacidis:
631 3322 744 3380 Sedibus
757 3323 880 3393 depositis
895 3333 1008 3395 purqunt
1028 3342 1074 3394 pe·
1159 3327 1223 3383 205.
1241 3328 1301 3384 l'et.
1317 3329 1344 3394 l,
1358 3328 1706 3399 quianon-emendandum
1720 3340 1776 3398 est,
1789 3329 1917 3401 quinques.

269 3404 380 3462 astralia
393 3398 498 3461 cordia:
512 3396 559 3467 qui
579 3410 676 3451 uersus
691 3395 717 3448 in
738 3393 832 3449 codice
847 3393 979 3450 Vaticano
994 3410 1070 3452 num.
1160 3398 1225 3456 206.
1243 3397 1303 3453 ima
1316 3408 1406 3470 petunt
1418 3414 1451 3452 rx
1464 3398 1579 3470 Virgilio
1594 3415 1653 3468 vrrr,
1669 3403 1719 3458 67.

269 3476 316 3542 st,
332 3476 359 3530 in
374 3488 427 3541 qno
438 3479 481 3526 est
495 3467 656 3525 Psalterlum
670 3482 703 3522 er
719 3466 846 3521 versione
855 3464 884 3521 S.
902 3463 1070 3538 Hieronymi,
1159 3470 1224 3527 207.
1237 3470 1330 3534 Hom..
1348 3468 1398 3525 ult
1412 3470 1479 3537 pluit
1489 3487 1585 3524 monna
1596 3473 1708 3541 populis
1721 3473 1772 3527 liei
1782 3473 1809 3528 ιἰι
1821 3472 1919 3527 dorric.

270 3549 333 3605 etin
342 3543 459 3617 quodam
471 3541 667 3621 epigrammate
677 3537 728 3593 sub
736 3537 764 3621 ξ.
779 3536 939 3614 Hieronymi
951 3537 1071 3602 riominc,
1124 3540 1220 3597 ileiius
1244 3541 1362 3604 Poetis..
1388 3539 1507 3612 Quinque
1527 3542 1638 3614 panibus
1657 3545 1780 3616 quinque
1801 3541 1920 3598 milliari-

271 3620 370 3674 nreiius
385 3614 495 3684 legitur,
513 3610 642 3666 Sordtius
656 3609 791 3677 arpentis.
807 3617 874 3672 etc,
890 3623 921 3663 ac
943 3609 994 3680 legi
1010 3623 1074 3679 pos-
1125 3612 1227 3666 icatur.
1243 3612 1301 3668 llnc
1322 3611 1395 3667 enim
1411 3620 1454 3668 est
1474 3613 1642 3683 precipuum
1664 3616 1769 3687 capitis
1792 3627 1921 3687 argumen-

268 3698 312 3747 ιιι
325 3682 505 3750 excubiensi
517 3678 640 3736 occlusis.
656 3680 686 3736 ln
699 3679 753 3735 alio
767 3674 900 3734 Psalterio
913 3679 1072 3751 Hieronymi
1128 3691 1196 3738 tum.
1297 3727 1302 3734 .

272 3760 336 3818 cod.
351 3758 439 3814 taric.
455 3753 538 3817 1216,
554 3754 721 3834 epigramma
731 3750 835 3834 editum
848 3749 1006 3833 Hieronymi
1021 3765 1073 3807 no·
1159 3754 1222 3809 208.
1233 3752 1372 3824 Plerique,
1386 3755 1656 3824 eiquesetustissimi
1671 3756 1766 3812 nostri
1780 3754 1920 3823 rnss.,lieg.

270 3833 346 3888 mine
360 3822 489 3886 tribuitur
504 3825 630 3893 Damaso,
645 3833 674 3880 et
687 3823 770 3878 srmrii
788 3820 869 3878 motio
882 3821 992 3893 legitur,
1008 3823 1073 3879 Sor·
1125 3825 1153 3891 1,
1167 3825 1195 3892 i,
1211 3826 1239 3893 5,
1257 3823 1331 3880 Vatt.
1345 3824 1409 3892 ts,
1424 3824 1735 3898 eructuationes,
1750 3828 1844 3895 Rom,
1854 3825 1922 3892 ing,

272 3902 349 3959 dibus
361 3898 496 3967 expetitis.
1123 3896 1268 3953 Heuscum
1279 3897 1373 3961 Cant,
1384 3896 1482 3952 Parrlt.
1497 3905 1525 3953 et
1536 3898 1598 3953 aliis
1608 3899 1710 3963 editis,
1725 3900 1851 3956 scribunt
1861 3895 1924 3965 iios

310 3973 373 4030 198.
386 3970 461 4027 Heus
475 3975 604 4037 corrupte
620 3964 769 4035 liminaque
781 3981 828 4032 per
841 3963 955 4032 amium,
971 3979 1005 4022 ac
1022 3964 1074 4020 mi·
1123 3984 1174 4023 ses.
1190 3966 1368 4024 Recentiores
1381 3982 1442 4022 cnm
1456 3968 1519 4024 nti.
1534 3977 1563 4024 et
1589 3969 1652 4024 aliis
1667 3972 1828 4041 praeierunt
1839 3966 1922 4030 dosa,

273 4061 324 4102 nus
342 4045 481 4111 eleganter
502 4055 548 4111 prr
568 4038 651 4093 lucan
673 4036 784 4103 lumino,
810 4035 935 4108 quamuis
956 4050 1074 4107 praeces·
1124 4041 1198 4108 quia,
1214 4046 1244 4094 ut
1256 4038 1375 4095 advertit
1396 4038 1547 4102 Grnnerns,
1563 4038 1671 4112 Moyses
1688 4040 1866 4115 trisyllabum
1880 4036 1926 4108 pri·

255 4117 343 4174 -scrit
356 4115 512 4170 luanostru.
1124 4125 1195 4166 mam
1219 4108 1346 4180 corripit,
1371 4120 1400 4166 et
1422 4111 1569 4167 secundam
1595 4112 1744 4182 producit.
1764 4112 1861 4167 terum
1883 4105 1926 4163 etsi

311 4185 373 4242 199.
388 4185 481 4250 Rom,
509 4181 546 4236 lle
569 4180 676 4236 ntuliere
696 4189 839 4235 contractu.
863 4177 948 4249 Heus,
975 4178 1074 4234 Mulier
1123 4181 1247 4249 exempla
1262 4180 1387 4252 quaedam
1411 4192 1486 4254 suist,
1510 4197 1543 4237 er
1570 4182 1675 4253 quibus
1689 4190 1821 4254 apparet,
1845 4188 1927 4251 poetas

273 4251 1072 4387 111111111(111111111111111’1111·
1123 4251 1523 4389 illitteratis?
1550 4253 1927 4382 ,iziliilllreilltl

309 4368 374 4455 iob.
389 4396 477 4462 biens,
487 4365 579 4457 ’lirb.,
596 4391 658 4448 Non
675 4394 747 4449 renio
767 4394 937 4448 trrntsbunda
957 4409 1071 4465 qemeas.
1125 4395 1244 4467 propriis
1255 4394 1433 4450 Hebraeorum
1446 4394 1534 4466 legem
1545 4403 1685 4462 statuere,
1699 4397 1739 4453 ad
1753 4403 1930 4468 qnamrersut

273 4471 318 4526 sed
331 4485 409 4524 crtrnu
421 4465 528 4524 andnam
540 4494 577 4507 -
595 4464 724 4532 vultibus,
741 4466 812 4535 qnod
837 4465 945 4532 probari
966 4466 1072 4534 nequit.
1126 4477 1267 4538 poetarum
1282 4464 1499 4521 Cbristianorum
1514 4465 1611 4535 refingi
1625 4467 1772 4529 debeant,
1797 4481 1857 4522 com
1872 4477 1930 4532 pce·

275 4540 441 4599 Arntzenius
460 4537 627 4607 interpungit
638 4538 745 4592 incursu
757 4537 871 4591 caducis.
890 4535 949 4594 iet.
967 4550 975 4590 ι
990 4536 1074 4592 inter·
1089 4520 1114 4583 Ι)
1127 4547 1163 4594 tae
1175 4536 1309 4606 sequioris
1323 4537 1421 4604 aetatis,
1437 4538 1518 4593 etiarn
1531 4536 1647 4602 ellinici,
1660 4552 1745 4608 saepe
1760 4539 1788 4593 in
1800 4533 1929 4606 quibusvis

274 4613 370 4683 pnngit
381 4614 499 4673 incerta,
511 4608 662 4662 maurit-
677 4605 808 4672 vortitur,
820 4606 893 4676 quod
906 4620 959 4661 non
974 4607 1074 4663 malum
1128 4608 1283 4665 nominibus
1299 4608 1415 4678 propriis
1427 4608 1574 4664 efferendis
1585 4623 1722 4680 magnam
1740 4610 1797 4666 sibi
1808 4606 1932 4664 licentiam

274 4697 385 4738 sensum
399 4679 503 4736 eilicit:
519 4678 567 4733 sed
584 4691 662 4748 prosa
675 4676 747 4731 alind
761 4679 828 4746 unit.
1128 4679 1335 4751 arrogaverint:
1350 4694 1402 4749 qna
1415 4678 1449 4735 dc
1459 4694 1491 4734 re
1500 4679 1615 4735 disserui
1629 4680 1769 4748 pluribus
1784 4681 1812 4735 in
1824 4676 1933 4734 Pruden-

312 4752 375 4808 tot.
389 4753 482 4806 emta.
496 4749 590 4806 scribit
594 4749 669 4821 y’uqt'a
679 4760 729 4817 pro
738 4749 815 4820 y'uqes
828 4761 861 4801 ex
872 4746 981 4801 diuerso
992 4748 1073 4805 ntodo
1128 4751 1218 4807 tianis.
1235 4749 1312 4819 Quoi
1323 4750 1422 4806 attinet
1434 4751 1544 4816 quidem
1558 4750 1591 4806 ad
1603 4749 1732 4834 Μαρια,
1749 4751 1842 4822 prima
1855 4747 1933 4820 potius

273 4820 436 4882 terminandi
446 4819 632 4888 huiuscemodi
648 4833 727 4874 casus
737 4817 866 4889 plurales,
876 4817 973 4888 y‘uqeis,
982 4818 1072 4891 juger,
1125 4831 1198 4878 esset
1213 4821 1397 4893 producenda,
1414 4838 1475 4877 cum
1489 4820 1585 4878 Graece
1603 4823 1757 4878 scribatur
1774 4839 1825 4893 per
1838 4834 1934 4889 omega.

274 4894 395 4970 etjuqis.
421 4889 605 4960 Wopkensius
630 4901 706 4945 recte
733 4889 855 4956 explodit
886 4890 1071 4958 coniecturam
1126 4891 1260 4962 Quidquid
1282 4892 1308 4947 id
1324 4903 1377 4959 est,
1393 4892 1459 4948 nittt
1482 4892 1584 4961 obstat,
1606 4894 1771 4962 quominus
1787 4890 1933 4965 uqmsn

274 4966 390 5030 Bastuli,
406 4970 535 5016 reserante
548 4957 612 5014 Deo.
629 4961 711 5015 Certe
730 4958 842 5015 Domino
858 4961 1004 5025 miserante,
1020 4963 1073 5020 ltoc
1125 4971 1268 5020 exaratum
1283 4962 1446 5046 disyllabum
1461 4965 1498 5019 sit
1511 4979 1559 5031 per
1575 4966 1815 5022 corttractioncm
1829 4967 1934 5019 drama

274 5048 328 5106 est,
355 5036 488 5093 beneticio
514 5031 631 5100 bomini,
656 5031 775 5100 probum
801 5040 853 5098 est,
879 5032 1019 5103 magisque
1036 5048 1071 5090 ex
1124 5034 1271 5090 vocalium.
1287 5033 1467 5107 Trtsyilabum
1484 5033 1588 5107 iloyset
1603 5035 1658 5090 boc
1680 5036 1793 5093 eodem
1818 5037 1886 5092 libro
1896 5047 1936 5086 oc-

274 5114 346 5183 stylo
359 5103 555 5162 eeclesiastico.
578 5101 718 5158 Fabricius
732 5101 816 5157 edidit
836 5102 911 5169 errr,
934 5104 1072 5160 reboante
1124 5104 1378 5161 construentes.

274 5180 385 5255 Deqju
402 5174 1071 5244 estidsecutisuntnonnulirsnlgari,acdeien·
1158 5177 1222 5231 sto.
1238 5175 1345 5238 Arata..
1365 5175 1445 5232 Cant.
1465 5176 1615 5233 etsctrede
1632 5176 1757 5236 Poelm.
1796 5195 1860 5238 cum
1877 5190 1936 5232 mss.

274 5253 342 5308 duint
355 5197 465 5307 sobriae
478 5245 593 5309 Parim..
605 5245 667 5315 quia
681 5259 760 5328 tunes
772 5245 885 5328 primum
894 5245 1071 5317 pindaricdt
1124 5249 1226 5303 nostris
1241 5247 1307 5314 lleg.
1321 5246 1349 5313 2,
1370 5248 1397 5310 ὕ.
1414 5247 1501 5304 vatic.
1524 5248 1552 5317 2,
1570 5247 1629 5304 Vnt.
1649 5251 1663 5305 i
1693 5265 1733 5307 cx
1756 5221 1935 5311 correctione,

273 5324 339 5395 quid
354 5322 406 5378 boc
420 5320 516 5386 relert,
529 5332 590 5373 cunr
607 5331 641 5372 ex
657 5322 777 5372 nitamini
794 5317 917 5372 codicum
933 5331 1069 5375 eoiiscnsn
1123 5318 1216 5374 Ottob.
1228 5317 1257 5388 Ξ,
1271 5317 1354 5389 ring..
1370 5316 1450 5386 lirb.‚
1464 5318 1539 5386 dib,
1553 5321 1648 5375 annito.
1668 5321 1723 5378 Sic
1740 5322 1858 5390 Parin,
1872 5317 1937 5384 itti,

273 5403 392 5459 constet,
407 5390 545 5448 sedulium
557 5388 672 5460 primam
685 5389 710 5443 in
717 5387 791 5461 juqir
802 5388 1071 5458 scpeeorripuissei
1124 5400 1151 5447 et
1164 5393 1256 5445 mulce
1266 5392 1384 5461 antiqua
1393 5391 1540 5447 editiones.
1553 5391 1604 5448 atii
1615 5406 1692 5448 mss·
1710 5403 1744 5450 ct
1758 5395 1843 5464 editi,
1856 5387 1939 5447 nana.

274 5465 373 5590 Rbbd.
387 5462 463 5589 gens
477 5471 605 5587 cgrruflte
617 5461 685 5515 latrat
699 5474 749 5529 pro
764 5459 839 5514 leont.
850 5458 941 5521 cini..
957 5459 1024 5529 lleg.
1043 5462 1070 5529 i,
1125 5460 1290 5519 Utrumlibet
1306 5471 1410 5517 rectum
1425 5470 1477 5531 est,
1493 5477 1554 5517 cunr
1571 5463 1624 5517 ales
1636 5463 1681 5519 sit
1697 5475 1761 5522 tam
1789 5459 1938 5525 masculini,

299 5550 367 5600 om,
415 5546 475 5600 eus,
514 5548 558 5588 arr

274 5606 417 5662 llatlea
429 5604 611 5668 correctione,
631 5601 687 5660 Ott.
700 5603 728 5667 2,
743 5601 823 5668 Urb.,
839 5601 987 5658 messenii
1024 5603 1071 5658 ‚2
1157 5602 1298 5660 attile.
1317 5604 1476 5670 l,2‚llon.
1509 5605 1617 5681 geminis
1643 5609 1738 5664 modo
1755 5610 1875 5681 penitas
1894 5617 1941 5660 aa·

273 5693 307 5735 er
319 5676 498 5740 correctione,
510 5673 578 5745 ileg.
590 5674 618 5742 5,
631 5673 707 5757 did,
719 5673 782 5757 111.
792 5672 821 5740 2,
836 5681 866 5728 ut
877 5618 1069 5743 rideturfffiat.
1122 5674 1205 5746 plum,
1221 5682 1249 5730 et
1266 5690 1291 5728 v.
1309 5689 1367 5746 seq.
1382 5676 1462 5748 pluit,
1481 5647 1562 5735 ἰιιοάο
1576 5676 1703 5752 piscibus
1717 5682 1816 5750 assit,
1841 5681 1940 5737 inserto

270 5748 282 5808 1
303 5765 318 5803 n
337 5759 379 5817 pr.
395 5759 445 5810 m..
464 5742 579 5812 Auget
601 5743 679 5799 muln
699 5743 774 5808 edru,
788 5759 892 5813 ιιιιιιιι,
907 5745 980 5815 quod
991 5745 1071 5803 unice
1121 5755 1150 5806 et
1164 5757 1333 5818 prepostero
1346 5747 1454 5805 ordine.

579 5546 631 5599 as,
657 5531 724 5601 lieg.
740 5530 787 5584 ia
804 5545 845 5601 pr.
863 5546 912 5598 ιιι..
934 5530 1070 5598 obscure3
1122 5548 1203 5605 qoem
1219 5531 1329 5588 feminei
1345 5534 1464 5604 generis.
