4150 6167
163 232 217 291 nus

160 342 266 400 Omnes
276 348 306 396 nt
319 349 410 398 tecum
426 342 531 400 meritis
545 355 595 413 pro
609 341 709 398 talibus
723 355 810 397 annos

160 432 260 506 Erigat
275 444 322 489 :et
337 433 450 504 pnlcbra
462 433 545 490 iaciat
558 443 585 490 ts
599 431 675 505 prole
690 443 841 504 parentem.

160 524 303 582 Fortunati
319 526 400 582 antbo
415 525 456 582 :si
471 525 536 597 qnid
548 528 589 597 pia
601 526 711 582 numina
727 536 850 597 possunt.

160 616 251 674 Viuite
267 616 373 686 felices,
385 617 522 685 dixerunt,
540 617 653 688 currite,
667 616 745 684 lusis,

159 711 318 770 Concordes
331 710 423 768 stabili
438 710 555 768 iatnrnm
567 712 680 768 numius
694 712 797 770 Pares.

422 868 591 928 luiturus
611 869 682 928 xiv.

163 987 241 1045 dorm
258 1004 324 1060 qaus
343 1001 482 1058 perperam
508 984 611 1041 Moruni
629 985 758 1059 ascriptus
783 984 959 1056 Hieronymus

201 1058 351 1116 Alexander
366 1074 398 1114 ec
410 1058 464 1128 lide
483 1057 578 1113 uetusti
596 1057 696 1112 codicis
711 1057 820 1112 ductori
835 1059 956 1113 emeruit.

159 1180 214 1238 Ver
227 1188 287 1236 erat
304 1196 313 1236 r
326 1186 356 1235 at
369 1177 471 1236 blando
486 1177 641 1235 mordentia
652 1177 754 1249 iripora
766 1191 850 1234 sensu

194 1273 323 1344 spirabat
334 1286 432 1330 croceo
447 1287 527 1329 manc
538 1272 725 1329 renectadies.

156 1366 285 1424 strictior
300 1367 372 1423 Eoos
384 1375 564 1438 praecesserat
577 1380 644 1422 aura
651 1365 769 1438 jugales,
833 1353 850 1398 ·'

191 1457 352 1518 AEstilsrnm
365 1457 485 1514 suadens
498 1458 649 1531 anticipare
659 1458 742 1515 diem.
762 1450 768 1459 ’

157 1548 291 1607 Errabam
307 1548 392 1621 riguis
402 1566 452 1622 per
466 1550 589 1623 quadrua
599 1552 719 1621 compita
732 1552 758 1607 io
769 1550 866 1620 ironiis,

193 1642 299 1700 ilatrnn
310 1645 424 1713 cupiens
439 1659 483 1702 mc
496 1654 623 1717 vegetare
633 1644 688 1701 die.

158 1734 220 1792 iiii
231 1744 374 1793 enuncias
387 1752 434 1807 per
445 1737 568 1809 gramina
579 1721 649 1810 llere
661 1737 774 1809 pruinas

193 1828 328 1900 Pendere,
345 1841 393 1886 ant
407 1832 512 1887 olerrtm
525 1840 597 1888 stare
608 1830 813 1888 cacuminibus:

154 1924 287 1982 Caniilrns
300 1935 328 1982 et
343 1923 443 1995 patulis
457 1933 560 1982 teretes
575 1926 714 1984 colludere
728 1934 830 1997 metas,

191 2018 226 2076 Et
235 2017 359 2076 coelestis
371 2033 450 2089 aquae
461 2017 585 2088 pondere
595 2029 660 2075 tnnc
669 2018 805 2090 grauidas.

159 2110 221 2168 viui
236 2110 363 2170 Pastarm
372 2110 493 2183 gaudere
505 2110 609 2167 rosaria
622 2112 709 2177 culrn,

193 2206 342 2264 Exoriente
352 2221 425 2263 noro
439 2205 549 2262 roscida
558 2204 686 2262 lucifero.

153 2296 227 2355 Rara
239 2296 378 2368 pruinosis
391 2296 506 2354 canebat
522 2311 629 2368 gemma
642 2295 762 2363 lrrnetis,

190 2388 233 2444 Ad
248 2388 329 2460 primi
341 2387 433 2445 radios
449 2389 593 2446 interitura
606 2388 661 2446 die.

153 2480 327 2554 Ambigeres
340 2488 450 2550 raperet
462 2494 498 2536 ne
512 2485 584 2537 rosis
597 2493 695 2537 aurora
710 2480 851 2548 ruborem,

189 2574 234 2630 Aa
248 2571 337 2644 daret,
347 2581 374 2628 et
386 2572 468 2629 liores
482 2571 600 2644 tingeret
613 2579 673 2628 orta
687 2570 757 2628 dies.

152 2664 211 2721 llos
224 2679 307 2732 unns,
321 2664 398 2721 color
412 2678 494 2733 nnus,
505 2672 534 2721 et
547 2678 631 2719 nrrrrm
643 2678 726 2720 maus
739 2663 866 2720 duorum.

190 2756 308 2824 Sideris,
321 2755 435 2814 etlloris
444 2771 507 2813 nam
523 2756 634 2813 domina
647 2772 699 2812 nna
712 2755 814 2812 Venus.

153 2852 259 2910 Forsan
276 2862 305 2911 ct
319 2867 388 2910 nnus
399 2852 468 2909 odor
482 2871 489 2906 :
505 2852 554 2910 sed
565 2852 666 2910 celsior
681 2852 729 2909 ille
744 2863 884 2923 perantes

190 2945 296 3002 liiidnit
310 2965 316 3001 ε
331 2947 456 3017 exspirat
470 2946 611 3018 prosimus
625 2948 678 3003 isin
692 2947 789 3015 mapis.

152 3039 317 3097 Communis
326 3038 429 3112 Paphie
438 3039 489 3096 dea
502 3038 612 3104 sideris.
625 3046 654 3094 el
667 3037 717 3098 dea
728 3038 817 3107 lloris,

190 3131 320 3205 Pracipit
333 3133 413 3189 nnius
429 3132 541 3188 muricis
552 3146 613 3188 esse
626 3130 760 3188 lubitum.

153 3223 322 3282 idomemnut
348 3224 505 3283 intererat:
529 3239 627 3298 quoae
659 3224 800 3283 narrentis
819 3224 917 3282 borum

191 3317 321 3375 Gemrlna
336 3317 672 3389 comparibnsdiridereut
685 3317 792 3389 spatiis.

155 3408 223 3467 llere
235 3409 307 3466 niret
319 3420 436 3483 augusto
448 3409 576 3468 loliorum
593 3420 663 3468 tecta
677 3411 771 3482 palere
783 3429 790 3465 ε

191 3503 270 3560 lianc
284 3502 360 3561 tenni
373 3502 439 3562 lolio
454 3519 574 3576 purpura
584 3504 666 3561 rnbra
677 3513 762 3561 notat

153 3595 221 3655 llaec
231 3596 322 3670 aperit
340 3597 419 3669 primi
435 3597 539 3670 lastigie
552 3597 624 3656 celsa
635 3596 761 3668 obelisci,

191 3687 349 3746 Macronem
364 3689 510 3748 absolvens
525 3689 655 3761 purpurei
667 3689 775 3762 capitis.

154 3781 267 3840 Vertice
280 3782 414 3840 collectos
429 3784 476 3839 illa
485 3783 649 3841 exsinuabat
661 3785 789 3854 amictos,

191 3875 255 3945 lam
269 3874 404 3933 meditans
420 3874 494 3933 loliis
504 3890 534 3933 se
548 3875 772 3935 numeraresnia.

153 3965 213 4026 use
222 3982 300 4026 mora
314 3984 322 4023 z
335 3967 451 4025 ridentis
465 3969 565 4026 calatbi
576 3969 706 4043 patefacit
718 3969 864 4037 bonorem,

191 4058 318 4117 Prudens
329 4059 427 4117 inclusi
438 4060 544 4119 semina
557 4061 642 4120 densa
655 4062 743 4120 croci.

153 4151 223 4210 liae
236 4151 330 4220 ruodo,
343 4168 406 4225 qna
419 4161 477 4211 toto
490 4153 651 4212 rutilaverat
660 4155 723 4227 ignee
737 4170 887 4228 comarum,

191 4245 300 4306 Pallida
312 4246 443 4319 collapsis
453 4247 590 4307 deseritur
599 4249 683 4308 iuliis.

154 4336 279 4395 ilirabar
289 4338 407 4397 celerem
421 4337 534 4412 lugitira
549 4348 631 4399 ante
638 4341 771 4413 rapinam,

192 4429 233 4487 lit
247 4430 311 4489 dnm
324 4435 672 4502 namorrrnreoosenoisse
685 4451 774 4495 rosas.

154 4524 233 4584 Eece
242 4534 271 4583 et
283 4525 397 4585 deduxit
409 4528 485 4586 rnriii
497 4544 575 4587 coma
587 4531 684 4602 punica
697 4530 785 4598 boris,

193 4616 265 4674 lium
277 4618 393 4692 inquot:
408 4629 437 4677 ot
452 4620 533 4678 telins
547 4628 619 4679 tecta
629 4621 732 4679 rubore
746 4623 838 4681 micat.

153 4707 211 4766 Tot
224 4710 341 4780 specics,
354 4719 500 4786 tantosque
512 4724 599 4783 ortus,
616 4714 763 4788 ramosque
776 4723 893 4775 aoratos

193 4800 255 4859 lina
265 4801 325 4861 dias
338 4805 443 4877 aperit:
456 4807 568 4863 conicit
583 4824 636 4865 una
651 4807 722 4866 dics.

153 4892 669 4971 ConquerimnmNatura,brerisquod
684 4901 768 4975 pratia
781 4900 879 4959 llnrnm
890 4910 943 4973 esi,

194 4986 336 5047 θεωειειε
349 4991 437 5050 neniis
452 4991 525 5050 illico
534 4993 604 5050 dona
617 4995 702 5068 rapis.

153 5079 248 5150 Quam
262 5081 342 5154 longa
356 5098 410 5140 nna
421 5083 491 5154 dies,
502 5093 570 5143 stas
584 5096 639 5143 um
654 5087 735 5161 longa
749 5104 884 5159 rosarum,

193 5172 269 5241 Quas
282 5173 463 5245 pubescentes
476 5176 570 5248 juncta
584 5188 695 5237 senecta
710 5181 821 5252 premit.

152 5264 249 5335 Quam
263 5264 347 5324 modo
361 5279 520 5327 nascentem
533 5270 633 5328 rntilna
642 5272 786 5344 conspexit
795 5272 878 5341 ans,

192 5357 392 5418 noseredinus
404 5376 468 5419 sero
480 5376 595 5434 respcre
607 5363 675 5422 uidit
684 5379 778 5420 anum.

152 5452 214 5514 scd
228 5453 309 5524 bene,
324 5454 396 5526 quod
407 5456 574 5526 pancisiieet
582 5456 726 5515 interitura
740 5456 848 5527 dicbus,

193 5546 353 5606 Summam
363 5563 452 5606 aarum
467 5558 599 5624 prorogat
613 5550 673 5624 ipsa
687 5566 777 5609 sunm.

149 5637 275 5711 Galliac,
286 5641 374 5713 sirpo,
385 5656 475 5712 rosas,
484 5642 548 5700 dnm
559 5643 609 5702 llos
621 5658 721 5713 nnana,
734 5653 763 5702 ct
776 5658 847 5701 nora
859 5645 957 5719 pubes,

193 5732 345 5795 iitmcmnr
360 5743 421 5793 cato
436 5752 523 5793 arom
539 5738 580 5794 sie
590 5749 834 5814 properaretunm.

301 5829 440 5897 Purser..
463 5830 554 5899 xlx.

915 220 1066 284 roncum.
1124 202 1130 212 '

1725 220 1816 280 tnnc

1281 331 1446 390 intuitum
1471 332 1531 388 xv.
1665 397 1668 402 ,

1015 426 1059 482 Ea
1069 426 1170 495 Groeeo,
1179 424 1594 499 Pyrlreporicoudedntbimitute
1606 424 1732 499 elipeudrn
1742 428 1813 483 ritu.

1012 544 1089 614 ernd
1105 544 1168 599 ritae
1182 543 1310 599 sectabor
1325 541 1395 599 iteri
1408 542 1430 597 si
1446 540 1527 612 plena
1539 541 1654 597 tumultu

1013 634 1082 693 Snnt
1095 634 1154 691 inrn
1170 651 1178 690 t
1194 633 1218 690 ai
1230 634 1303 689 curis
1318 633 1415 688 donnus
1429 632 1508 688 auxia
1524 631 1567 687 :si
1582 632 1742 702 peregrinos

1012 727 1084 783 Cura
1097 727 1194 783 donnus
1209 727 1351 798 saqrritnr:
1369 733 1534 781 mercantem
1549 725 1572 780 si
1588 739 1656 778 rrora
1669 740 1778 795 semper

1014 820 1116 876 [lamna
1127 828 1239 876 manent
1254 834 1261 874 t
1274 832 1385 875 cessare
1401 826 1476 874 relat
1488 818 1510 873 si
1522 817 1609 887 turpis
1622 823 1728 886 egestas
1741 833 1748 870 ι

1012 912 1041 971 Si
1056 926 1136 970 rarat
1149 913 1228 969 labor
1239 910 1398 983 agricolam,
1415 926 1491 967 mare
1503 909 1650 978 nanlrngns
1662 909 1760 966 lrnrrnr

1013 1005 1129 1061 lalamat
1143 1023 1149 1058 :
1164 1019 1307 1076 poenaeqnc
1320 1017 1418 1073 graves
1429 1003 1456 1058 in
1471 1001 1569 1057 coelibe
1580 1001 1645 1067 ritu,

1012 1096 1049 1150 Et
1058 1095 1168 1167 gravior
1181 1095 1269 1150 cautis
1279 1095 1406 1150 custodia
1422 1107 1489 1148 rnna
1501 1092 1617 1148 maritis.

1010 1186 1196 1259 Smrpnincnm
1210 1187 1232 1242 si
1246 1185 1340 1242 Martis
1350 1200 1438 1257 opus:
1455 1185 1477 1240 si
1491 1185 1578 1255 turpia
1592 1185 1667 1241 incra

1011 1277 1137 1348 Funeris,
1150 1288 1176 1334 et
1189 1277 1269 1334 rclnr
1281 1277 1378 1348 inopes
1393 1292 1475 1333 nsum
1488 1276 1623 1332 trucidati

1010 1373 1099 1428 0nrne
1108 1386 1196 1427 aarum
1211 1385 1285 1426 corte
1298 1387 1305 1424 :
1320 1369 1426 1426 eunctis
1438 1384 1486 1423 sun
1502 1368 1628 1437 displicet
1641 1377 1719 1427 rems.

1010 1466 1115 1524 Sensus
1128 1465 1206 1521 abest
1218 1463 1308 1535 parvis
1321 1462 1500 1520 lactantibus:
1516 1468 1546 1517 et
1558 1476 1704 1532 puerorum

1009 1555 1084 1612 Dura
1095 1554 1260 1624 rudimenta,
1272 1554 1440 1624 etjurennm
1453 1552 1597 1609 temeraria
1610 1552 1706 1622 pubes.

1009 1649 1131 1706 Aillictat
1145 1647 1256 1704 iortnna
1272 1649 1346 1703 uiros
1363 1662 1411 1718 per
1427 1646 1509 1711 lrella,
1518 1661 1567 1717 per
1581 1661 1686 1716 equor,

972 1740 1133 1811 Blrasqne,
1151 1739 1329 1811 insidiasque.
1342 1749 1538 1809 catenatosque
1553 1738 1660 1794 labores

1010 1831 1157 1888 Mutandae
1169 1846 1279 1902 semper
1292 1830 1473 1900 grauioribus.
1482 1829 1543 1899 ipsa
1556 1839 1687 1886 senectus

1010 1927 1174 1996 Exspectata
1189 1925 1247 1991 din,
1260 1923 1385 1994 rotisque
1396 1930 1489 1994 optata
1502 1922 1644 1993 malignis,

1007 2017 1107 2091 objicit
1123 2017 1275 2075 innumeris
1292 2032 1392 2090 corpus
1408 2016 1555 2074 lacerabile
1570 2016 1683 2071 rnrrrbis.

1006 2111 1170 2181 spernimus
1183 2110 1210 2164 in
1224 2124 1371 2167 commune
1383 2123 1479 2165 nrrrues
1502 2109 1661 2179 prasentia,
1676 2109 1809 2179 qrrosdam

1006 2204 1122 2262 Constat
1132 2202 1280 2263 nolledeas
1296 2204 1366 2260 deri.
1379 2204 1495 2261 lntnrna
1506 2203 1647 2272 reclamat,

1007 2295 1068 2363 Quo
1082 2297 1165 2353 vitam
1179 2295 1255 2352 dedit
1273 2295 1418 2352 aeternami
1431 2310 1481 2352 cnr
1496 2297 1593 2353 mortis
1607 2297 1735 2368 adempta
1749 2308 1792 2355 cst

1006 2387 1155 2445 Conditini
1168 2387 1210 2444 sic
1222 2386 1360 2444 Caucasea
1372 2386 1425 2443 snb
1435 2401 1504 2457 rupe
1518 2387 1697 2446 Prometheus

1006 2479 1135 2537 Testatur
1148 2480 1370 2552 Saturttigenam
1389 2480 1561 2538 rrecrrorniun
1580 2492 1670 2537 cessat

1006 2571 1137 2628 lncnsare
1150 2569 1258 2638 larem,
1272 2570 1334 2626 data
1348 2572 1384 2627 sit
1394 2570 1468 2643 qnod
1484 2572 1538 2628 rita
1554 2574 1696 2643 perennis.

1007 2664 1123 2734 Respice
1138 2672 1166 2719 et
1176 2662 1209 2719 nd
1221 2663 1311 2719 cultus
1323 2663 1416 2729 animi,
1431 2664 1471 2720 sic
1482 2679 1582 2734 nempe
1593 2663 1722 2735 pudicum

983 2783 986 2789 ·
1006 2752 1131 2810 Perdidit
1144 2753 1320 2826 Hippolytum
1330 2769 1385 2812 non
1396 2753 1461 2810 ielis
1475 2770 1541 2811 curn
1554 2754 1680 2828 pudoris.

1007 2845 1043 2902 dt
1056 2857 1152 2903 contra
1162 2846 1301 2904 illecebris
1315 2847 1483 2903 maculosam
1493 2847 1598 2905 dircerc
1612 2849 1695 2905 vitam

1005 2936 1186 3009 annrjnrat,
1203 2938 1299 3009 aspice
1309 2947 1338 2995 et
1348 2939 1383 2995 ad
1394 2954 1499 3009 peenas,
1514 2948 1542 2995 et
1553 2940 1666 2996 erimina
1677 2956 1783 3013 repara.

1006 3028 1110 3085 Terens
1125 3028 1233 3096 incesti,
1249 3027 1293 3084 rel
1305 3028 1593 3100 mollissardanapali.

968 3125 992 3190 c
1007 3121 1152 3178 Perlrdiarn
1167 3122 1254 3179 vitare
1266 3131 1380 3179 monent
1390 3122 1440 3178 trin
1455 3122 1557 3179 Punica
1570 3123 1663 3180 bellas

1006 3215 1062 3274 sen
1073 3216 1203 3287 probibet
1214 3231 1326 3272 serrare
1339 3216 1420 3272 ladem
1438 3214 1526 3272 deleta
1543 3216 1688 3290 Saguntos.

1005 3308 1086 3379 lire,
1098 3320 1127 3368 et
1141 3309 1277 3369 amicitias
1287 3325 1396 3380 semper
1410 3309 1481 3367 cnle.
1493 3310 1604 3368 Crimen
1615 3313 1651 3368 ob
1662 3313 1735 3370 istud

1006 3401 1239 3475 Pytlragoreurnm
1252 3403 1333 3473 periit
1342 3401 1437 3459 sebnia
1451 3402 1532 3460 docta
1546 3404 1710 3476 sopitorum.

1005 3493 1064 3550 lloe
1077 3503 1202 3552 metuens
1213 3495 1306 3565 igitur,
1319 3493 1408 3549 nullas
1420 3495 1492 3550 cole.
1504 3494 1617 3553 Crimen
1632 3498 1669 3553 ob
1681 3499 1754 3556 istud

1005 3586 1103 3644 Timon
1113 3585 1242 3642 Palladiis
1252 3584 1319 3642 olim
1335 3585 1472 3657 lapidatus
1484 3587 1612 3645 Athenis.

1006 3678 1126 3737 Ilissidet
1140 3678 1276 3750 ambiguis
1286 3692 1396 3751 semper
1407 3694 1486 3736 mens
1500 3680 1581 3738 obvia
1598 3683 1681 3751 rotis,

1005 3769 1063 3828 Nec
1080 3771 1202 3827 voluisse
1216 3769 1320 3826 bantini
1330 3768 1460 3825 satisest.
1476 3769 1574 3841 dptuta
1590 3783 1710 3830 recusat.

1005 3861 1074 3920 sua
1087 3862 1115 3918 in
1130 3861 1235 3919 bonore
1248 3861 1348 3934 placet,
1360 3876 1421 3918 ntor
1436 3861 1568 3933 paenitet,
1577 3872 1606 3921 et
1616 3863 1750 3924 dominari

1006 3953 1044 4012 llt
1056 3954 1153 4027 possit,
1168 3954 1274 4012 sarrire
1290 3953 1374 4011 volet.
1384 3951 1458 4010 idern
1473 3955 1697 4028 enormiorem,

1006 4048 1118 4107 luridis
1127 4048 1254 4121 objicitur
1268 4067 1275 4103 ι
1290 4063 1394 4119 pernox
1409 4059 1451 4105 est
1461 4063 1527 4105 cnra
1540 4047 1669 4118 disertis3

1005 4142 1061 4201 Sed
1073 4143 1150 4200 rudis
1161 4152 1261 4199 ornatu
1276 4142 1339 4199 rita
1351 4151 1440 4199 caret.
1461 4143 1528 4200 Esto
1540 4153 1681 4215 patronos,

1007 4234 1169 4294 Etdelende
1183 4249 1245 4292 reos
1259 4252 1267 4291 t
1282 4235 1332 4291 sed
1347 4236 1432 4306 gratia
1449 4250 1511 4291 rara
1525 4235 1645 4293 clientis.

1007 4328 1075 4386 Esto
1088 4328 1192 4386 cliens:
1206 4328 1296 4401 pruris
1310 4326 1417 4398 imperii
1430 4342 1547 4399 persona
1564 4331 1682 4399 patroni.

1009 4421 1144 4479 Exercent
1155 4419 1229 4477 bnnc
1243 4427 1307 4476 rota
1323 4429 1441 4490 patrum.
1458 4419 1520 4474 ilar
1530 4434 1628 4491 aspera
1643 4422 1716 4478 curis

968 4514 997 4578 Ii
1008 4513 1173 4573 Sollicitudo
1187 4512 1273 4584 subit.
1285 4511 1479 4568 Contemnitnr
1492 4513 1559 4568 orba
1570 4522 1708 4583 senectus,

1009 4606 1046 4663 Et
1056 4604 1204 4678 captatoris
1220 4602 1312 4677 praeda
1327 4613 1370 4660 est
1383 4602 1502 4661 baredis
1515 4619 1627 4677 egenus.

1009 4697 1100 4754 Vitam
1115 4712 1214 4771 parcns
1229 4712 1312 4770 agas:
1327 4696 1398 4753 aridi
1414 4697 1569 4755 lacerabere
1582 4697 1664 4756 lama.

1009 4791 1046 4849 lit
1055 4791 1211 4863 largitorem
1224 4789 1335 4863 erarius
1344 4804 1458 4846 censura
1473 4790 1601 4849 notabit:

1009 4881 1113 4939 Curicta
1127 4881 1179 4940 sibi
1189 4881 1312 4939 adversis
1322 4882 1459 4938 corrtraria
1471 4881 1588 4939 casibus.
1605 4884 1677 4959 Ergo

1010 4972 1117 5045 Optima
1132 4974 1276 5032 Graiorum
1289 4975 1427 5032 sententia
1440 4992 1447 5030 ε
1463 4977 1564 5049 qnippe
1573 4976 1676 5035 bomini
1688 4980 1764 5036 aiurtt

1008 5065 1151 5125 ilonnasci
1165 5081 1227 5124 εεεε
1240 5066 1355 5133 bonnm,
1372 5077 1465 5123 natum
1480 5077 1527 5124 aut
1538 5068 1594 5127 cito
1614 5079 1702 5127 morte
1715 5071 1808 5142 potiri.

1276 5178 1538 5252 percuntium.
1664 5147 1705 5244 ii

1148 5275 1188 5332 ue
1202 5275 1257 5332 niro
1275 5274 1353 5331 bono.
1369 5279 1525 5352 nodmoprnri
1545 5277 1677 5354 ἀκρόασις.

1011 5368 1060 5427 Pir
1073 5368 1172 5439 bonus,
1189 5369 1351 5442 siraninus,
1365 5369 1531 5441 qualemvis
1544 5369 1668 5441 repperit
1681 5384 1766 5427 nnnnr

1010 5460 1131 5520 ilillibns
1144 5475 1160 5518 ε
1171 5460 1267 5518 mrrltis
1277 5460 1421 5517 bominum
1436 5459 1578 5519 consultus
1591 5460 1708 5530 Apollo,

1011 5553 1100 5612 luder
1111 5554 1171 5627 ipse
1184 5552 1237 5621 sni,
1254 5561 1341 5610 totam
1352 5568 1382 5610 sc
1391 5552 1516 5624 explorat
1528 5552 1563 5609 ad
1574 5567 1703 5624 unguem.

1013 5645 1083 5717 Quid
1099 5640 1246 5719 proceres,
1256 5646 1374 5718 uanique
1389 5644 1460 5702 ierat
1470 5642 1535 5717 quid
1547 5644 1640 5716 opinio
1654 5647 1743 5720 uulgi,

1015 5737 1815 5817 Securus,rnnndiinstarbalrens,tcres,atqncrotundus:
