4150 6167
168 223 219 278 att

869 209 1104 282 cruentatis.

1762 236 1816 296 sta

165 335 217 403 lla,
233 334 326 403 Pater,
342 333 402 395 linc
417 344 514 396 nostru
529 338 592 397 lieri
606 346 667 396 rata
680 347 744 397 vota
764 347 888 411 precatu.
980 355 1007 416 g
1056 338 1105 398 Sol
1119 339 1190 398 calet
1202 354 1210 395 a
1224 339 1259 397 ad
1272 341 1396 413 quintam
1410 342 1530 402 flectitur
1543 345 1639 404 umbra
1658 354 1761 406 notam.

164 424 210 482 Nil
221 433 355 496 metuam,
370 428 538 501 copiamque
552 429 630 500 oiluil,
647 430 715 489 satis
728 430 781 489 boc
793 446 856 489 rear
869 446 941 501 csse,

163 520 243 590 Quod
256 521 324 579 satis
336 530 390 579 est.
405 522 451 580 ttit
466 532 545 596 turpe
558 525 652 594 velim.
667 541 812 585 ceccaum
828 527 942 601 pudoris

164 614 223 674 Sim
237 616 316 676 milri.
326 617 389 676 Nun
402 617 500 677 luciam
511 621 723 704 cuiquamgquac
735 630 858 696 tempore
867 622 965 681 codem

163 706 271 764 Nollem
286 708 357 765 iacta
372 708 451 767 nribi.
463 710 521 769 Nec
535 727 603 769 tero
619 711 736 772 crimine
749 713 844 784 later,

164 798 221 857 liec
233 801 358 858 maculer
370 801 466 861 dubio.
482 802 599 862 Paulum
611 804 715 864 distare
730 804 841 865 videtur

166 891 329 963 Suspectus,
343 909 463 966 vereque
475 909 552 953 rcus.
568 896 639 956 llaie
652 909 737 969 posse
750 898 867 956 incultas

164 982 247 1041 Nulla
269 985 305 1043 sit
319 1002 328 1042 ε
344 995 374 1044 at
394 987 465 1046 bene
479 1002 560 1060 posse
580 989 658 1048 adsit
669 992 816 1065 tranquilla
831 1000 964 1065 potestas

163 1073 222 1132 Situ
238 1077 313 1134 tenni
328 1078 414 1149 victu,
430 1088 513 1152 atque
527 1080 632 1140 nabitu.
647 1084 705 1141 Sim
717 1085 818 1142 cinarus
830 1085 938 1143 anricis.

164 1167 202 1225 Et
214 1173 452 1244 sempcrgenitor,
466 1174 527 1232 sine
541 1176 656 1236 vulnero
669 1179 790 1236 nominis
803 1178 899 1252 liujus,

163 1263 225 1322 Nou
239 1266 332 1323 animo
346 1266 466 1342 doleam,
479 1286 532 1328 tion
545 1285 661 1343 corpore
677 1289 684 1327 :
698 1281 797 1329 cuncta
810 1272 912 1345 quietis

165 1356 326 1440 fungamur
339 1360 464 1420 membra
477 1362 577 1420 olllciis
593 1380 601 1418 ε
615 1379 667 1422 nec
681 1364 792 1423 saucios
803 1365 867 1424 ullis

166 1449 293 1509 ramum
302 1449 436 1509 amissum
449 1453 599 1525 quidquam
611 1454 755 1513 desideret
765 1471 842 1526 usus.

165 1543 237 1602 Pace
250 1546 334 1604 troar.
353 1545 476 1604 Securus
489 1562 579 1621 agam.
594 1547 726 1606 iliracnla
741 1557 824 1620 terrae

164 1635 243 1694 Nulla
259 1638 511 1715 putem.·Suprema
525 1640 593 1697 milii
608 1656 671 1697 cum
687 1641 794 1699 venerit
806 1642 886 1711 bora,

1017 431 1060 488 Ao
1072 440 1168 504 vegeto
1179 432 1307 490 madeant
1321 435 1430 493 condita
1446 424 1558 494 obsonia
1571 451 1665 510 gustu,

1054 523 1174 596 (Fallere
1185 541 1303 598 namque
1317 530 1432 601 solent).
1445 529 1616 602 experiundo
1630 534 1723 605 proba.

1016 614 1139 675 Concede
1151 618 1289 676 lerientes
1304 620 1402 691 palmis
1415 623 1590 681 volventibus
1604 626 1683 696 ollas,

1054 709 1141 783 Tinge
1154 712 1229 769 celer
1242 712 1342 784 digitos
1352 714 1416 785 jure
1429 717 1537 773 calente
1552 726 1612 775 tuos
1627 737 1633 771 :

1019 801 1144 888 vibranti
1154 804 1258 862 lambat
1268 821 1338 877 quos
1353 806 1463 864 humida
1478 808 1571 881 lingua
1586 826 1708 868 recursu.

1296 919 1410 991 (Desunt
1425 922 1531 994 nauita.)

995 997 998 1002 ’
1016 1005 1243 1082 Quadrupedem,
1253 1019 1282 1067 et
1292 1012 1500 1080 volucrum,vel
1511 1028 1573 1071 cum
1584 1025 1693 1083 terrena
1705 1019 1819 1079 marinis

1017 1100 1139 1158 blonstra
1150 1100 1338 1181 admiscentur
1353 1104 1462 1163 :donec
1476 1109 1654 1181 purgantibus
1666 1112 1747 1171 Euris

1017 1187 1133 1246 Dilllatre
1149 1190 1283 1262 liquidum
1299 1204 1448 1254 tenuentur
1458 1198 1486 1254 in
1504 1214 1567 1256 aera
1583 1203 1679 1259 nubes.

998 1275 1094 1338 ‘Nune
1106 1263 1177 1349 lora,
1192 1299 1266 1341 nunc
1282 1285 1355 1353 lites,
1372 1287 1426 1344 leti
1443 1291 1525 1348 modo
1539 1308 1639 1366 pompa
1654 1299 1754 1353 theatri

1017 1372 1130 1430 visitur.
1144 1375 1178 1431 lit
1191 1386 1294 1435 turmas
1307 1381 1440 1451 equitum,
1457 1384 1602 1456 caedesque
1616 1386 1753 1448 latronum

1016 1465 1159 1540 Perpetior
1176 1485 1184 1523 :
1200 1470 1303 1528 lacerat
1315 1484 1426 1531 nostros
1441 1475 1498 1533 iera
1512 1478 1600 1535 bellua
1614 1480 1706 1539 vvrltus
1720 1500 1726 1536 :

1015 1556 1071 1615 Aut
1085 1560 1112 1615 in
1128 1563 1275 1634 sanguinea
1294 1562 1387 1637 gladio
1402 1582 1561 1638 grassamur
1574 1586 1668 1628 arena.

1015 1654 1069 1712 Per
1088 1672 1165 1715 mare
1176 1659 1345 1732 navifragum
1363 1661 1475 1733 gradior
1490 1665 1573 1734 pedes
1587 1685 1593 1720 :
1606 1677 1635 1724 et
1651 1668 1720 1726 ircta
1734 1683 1818 1727 cursu

165 1725 222 1785 Not
237 1728 331 1787 limitat
346 1740 464 1788 mollum
477 1729 668 1789 beutemcii
683 1732 748 1800 ¹5¹⁸·
763 1748 814 1791 litt
828 1742 917 1806 optu.
976 1745 1163 1816 BTransilio,
1178 1758 1207 1807 ct
1220 1751 1320 1807 subitis
1337 1754 1426 1809 volito
1444 1770 1607 1827 superavero
1622 1759 1724 1830 pinnis.

166 1818 254 1879 Purus
267 1821 303 1878 ab
313 1823 430 1880 occultis
443 1838 506 1881 curn
518 1833 545 1880 te
559 1823 719 1897 indulgente
731 1824 859 1896 videbor,

164 1911 263 1971 Omnia
272 1914 434 1989 despiciam,
449 1916 533 1975 luerit
543 1933 605 1976 cum
621 1920 679 1977 sola
695 1918 821 1990 voluptas

163 2006 302 2065 indicium
313 2023 428 2080 sperare
444 2018 530 2066 tuum.
546 2010 625 2080 Quod
640 2011 704 2068 dom
719 2025 769 2068 sna
782 2010 877 2070 differt

166 2095 315 2170 Tempora,
326 2100 605 2172 cunctaturquedics,
621 2101 717 2174 procul
731 2102 810 2176 erige
821 2118 925 2161 savum

165 2187 355 2250 insidiatorem
366 2191 627 2253 blandivcrroribus
639 2210 770 2267 anguem.
862 2203 866 2208 '

166 2284 232 2342 ttae
244 2284 300 2357 pla,
316 2286 365 2344 scd
380 2296 478 2346 mesto
491 2289 653 2362 trepidantia
667 2300 731 2349 vota
744 2301 836 2361 reatu,

165 2374 286 2447 christe
300 2380 372 2451 apnd
385 2389 519 2438 eternum
535 2382 678 2455 placabilis
692 2398 786 2444 assere
807 2385 927 2444 Patrem

166 2449 304 2539 Salvator,
318 2470 402 2543 Deus,
413 2487 447 2531 ac
462 2473 605 2544 Dominus,
621 2489 712 2557 mens,
727 2476 825 2548 gloria,
837 2478 965 2547 verbum,

165 2557 263 2630 Filius,
276 2577 311 2619 cr
324 2576 392 2621 vcro
406 2578 501 2633 verus,
515 2565 667 2624 delumine
680 2567 784 2637 lumen,

165 2652 284 2713 AEoeruo
295 2671 357 2714 cum
372 2656 453 2716 Patre
462 2673 588 2727 manens,
600 2659 630 2718 iu
647 2661 749 2718 secula
762 2676 892 2737 regnans.

164 2744 291 2806 consona
307 2765 389 2821 quern
403 2751 549 2809 celebrant
563 2752 695 2811 modulati
718 2755 844 2812 carmina
856 2754 942 2813 bavid
956 2770 971 2810 :-

166 2838 203 2898 llt
213 2844 389 2915 responsuris
400 2843 540 2904 leritaera
549 2847 675 2917 vocibus,
690 2847 791 2907 Amen.

500 2983 632 3058 Emensis.

273 3095 347 3154 Satis
359 3111 473 3169 precum
485 3098 580 3157 datum
591 3087 661 3171 beo,

272 3191 404 3260 Quamvis
419 3192 487 3250 satis
498 3209 649 3267 numquam
660 3195 717 3254 reis

272 3284 334 3343 Fiat
344 3297 458 3358 precatu
472 3290 602 3348 numinis.

273 3377 401 3436 liabitunv
414 3379 554 3439 iorcnsem
569 3380 616 3451 da,
629 3397 713 3453 puer:

274 3468 424 3528 Dicendum
440 3474 537 3531 amicis
550 3483 593 3532 est
606 3475 678 3544 dvc,

273 3559 396 3636 tueque
408 3564 481 3636 quod
495 3565 527 3622 llt
541 3574 679 3624 mutuum.

272 3652 350 3725 Quod
364 3671 426 3713 cunr
444 3671 495 3728 pcr
508 3656 592 3716 boran
604 3668 722 3730 quatuor
725 3695 784 3716 .....

273 3750 390 3812 iocliuet
401 3753 436 3811 sd
451 3756 610 3824 meridiem,

274 3843 426 3904 lloncndns
439 3847 550 3920 estium
561 3848 665 3908 Sosius.

408 4034 413 4042 .
429 3979 515 4038 burto
531 3982 701 4041 invitationis.

166 4090 287 4165 'lempna
295 4094 428 4154 vocandis
441 4112 560 4172 nanque
575 4099 671 4158 amicis
685 4103 807 4174 appetlt3
864 4175 871 4188 ι

165 4183 208 4244 ile
221 4200 282 4258 not,
296 4188 405 4256 vel'illi,
421 4189 597 4250 demoremur
610 4194 755 4265 prandium
768 4213 775 4250 ε

165 4277 288 4352 Propere
297 4296 348 4353 per
359 4282 434 4342 edes
449 4286 659 4358 conterminas,
674 4303 750 4361 puer.

163 4371 228 4430 Scis
241 4371 312 4445 lpse,
327 4375 373 4448 qui
386 4377 451 4434 sint.
466 4376 594 4452 lamque,
608 4379 674 4437 dum
690 4380 881 4453 loqnnn'redt.
988 4437 992 4445 ,

164 4462 296 4538 Quinque
309 4465 451 4526 advocavi.
463 4469 517 4528 Ser
528 4471 602 4528 eoivn
617 4472 776 4530 convivium

161 4555 236 4615 (lum
248 4572 312 4631 rege
319 4558 424 4633 justum
436 4580 443 4616 ι
457 4560 482 4620 si
496 4578 591 4635 super,
606 4564 761 4624 convicium
771 4575 824 4624 est.

162 4649 253 4722 Abiit,
265 4652 354 4712 relicti
369 4670 420 4714 nos
433 4670 530 4716 snmus
542 4672 605 4717 conv
620 4659 711 4718 Sosia.

398 4768 483 4828 bouus
496 4765 637 4829 ordinmtdi
649 4774 735 4846 sequti.¹

162 4875 259 4947 Sosia,
273 4879 464 4952 prandendum
476 4891 529 4941 est.
538 4886 669 4955 Quartam
675 4884 733 4958 jam
745 4893 819 4944 totos
829 4885 857 4944 io
870 4885 966 4946 boram

1015 1835 1143 1894 inlandas
1156 1838 1238 1895 etiam
1256 1856 1383 1914 verteres,
1399 1845 1557 1916 irvccstoque
1571 1849 1661 1904 vinctis

1019 1926 1170 1997 bedccora,
1187 1936 1215 1986 et
1230 1932 1347 2003 tragicos
1366 1933 1485 2003 patimur
1500 1951 1548 2006 per
1560 1940 1667 1995 somnia
1680 1949 1777 1998 ctetus.

1018 2016 1176 2089 Perfugium
1186 2032 1283 2086 ‚tamen
1298 2031 1351 2091 est,
1364 2025 1492 2095 quotiens
1506 2037 1633 2097 portenta
1649 2045 1780 2102 soporum

1015 2109 1104 2166 Solvit
1117 2119 1199 2184 rupta
1211 2114 1317 2186 pudore
1329 2116 1419 2187 quies,
1433 2126 1461 2175 ct
1475 2119 1593 2191 imagine
1604 2120 1675 2181 lceda

1015 2202 1116 2261 Libera
1129 2219 1209 2262 mens
1222 2207 1316 2280 vigilat
1333 2228 1339 2262 :
1353 2218 1439 2266 totum
1454 2211 1525 2269 bene
1539 2214 1652 2271 conscia
1669 2217 1770 2276 lectum

1015 2298 1167 2357 Pertractat
1179 2316 1276 2359 secura
1295 2319 1400 2362 manus.
1415 2307 1551 2366 Probrosa
1566 2310 1671 2368 recedit

1015 2389 1103 2462 Culpa
1118 2393 1184 2459 tori,
1195 2401 1224 2450 et
1239 2395 1346 2466 prologi
1361 2397 1529 2455 minuiscunt
1544 2401 1658 2457 crinvina
1672 2405 1781 2461 somni:

1015 2480 1115 2551 Cerno,
1132 2484 1334 2558 triumphantes
1347 2493 1431 2558 luter,
1445 2507 1491 2549 me
1501 2492 1632 2563 plaudere
1644 2510 1653 2551 z
1667 2511 1775 2553 rursum

1016 2573 1093 2632 lnter
1106 2578 1233 2650 captivos
1249 2579 1344 2639 trahor
1353 2596 1512 2642 exarmatus
1522 2584 1637 2645 Alanos.

1016 2664 1130 2739 Templa
1143 2668 1243 2742 deum,
1256 2683 1421 2746 sanctasque
1434 2676 1517 2745 iores,
1535 2681 1690 2754 palatiaque
1703 2699 1785 2741 aurea

1016 2761 1131 2834 Specto,
1145 2775 1173 2823 et
1185 2766 1306 2826 Sarrano
1317 2772 1412 2830 videor
1424 2774 1599 2836 discumbere
1614 2780 1641 2836 in
1656 2791 1751 2840 ostro:

1017 2855 1052 2913 Et
1067 2872 1130 2914 mor
1145 2858 1259 2918 tumosis
1271 2863 1389 2921 conviva
1401 2869 1535 2925 accumbo
1546 2872 1666 2942 popinis.

1054 2949 1181 3008 birinum
1191 2954 1458 3028 perbibentvatem,
1474 2961 1528 3018 sub
1540 2962 1683 3022 lroudibus
1698 2966 1766 3024 ulmi

1018 3039 1093 3098 i'ana
1109 3042 1267 3115 ignavorum
1281 3048 1431 3108 simulacra
1446 3052 1552 3112 locasse
1570 3070 1714 3129 soporum,

978 3123 1002 3190 C
1017 3132 1054 3189 Et
1065 3137 1191 3207 geminas
1204 3153 1322 3197 numero
1332 3154 1426 3213 portas
1440 3163 1448 3199 ε
1461 3161 1523 3218 oure
1535 3146 1641 3207 lornice
1654 3151 1763 3232 eburno

1016 3226 1134 3301 Semper
1148 3230 1264 3290 fallaces
1277 3232 1414 3305 glomerat
1423 3251 1508 3311 super
1519 3246 1587 3297 aera
1602 3242 1728 3302 lormas:

1015 3319 1122 3387 Altera,
1138 3337 1200 3394 quac
1212 3339 1295 3383 veros
1306 3331 1408 3385 emittit
1419 3343 1520 3388 cornea
1535 3332 1620 3390 usus.

1015 3413 1093 3484 Quod
1106 3417 1129 3474 si
1143 3415 1178 3474 de
1192 3417 1285 3478 dubiis
1294 3422 1459 3480 conceditur
1472 3426 1551 3496 optio
1561 3427 1642 3486 uobis
1655 3448 1661 3482 :

1017 3506 1119 3563 ilcesse
1133 3507 1215 3566 lldem
1229 3509 1298 3566 letis
1312 3513 1426 3581 melius,
1441 3530 1605 3585 quartisana
1624 3521 1725 3581 timeri.

1016 3594 1089 3653 Ecce
1100 3611 1151 3668 ego
1162 3597 1219 3667 jam
1233 3601 1329 3658 malim
1344 3603 1403 3658 salli
1418 3622 1425 3657 :
1440 3619 1515 3673 narn,
1530 3607 1681 3669 dummodo
1693 3628 1805 3689 semper

974 3697 979 3706 ·
1016 3684 1119 3743 Tristia
1131 3701 1291 3758 vanescant,
1307 3693 1398 3765 potius
1417 3696 1539 3755 caruisse
1554 3698 1689 3772 naeniis,

1016 3777 1104 3848 Quam
1115 3780 1254 3852 trepidare
1264 3783 1354 3841 malis.
1365 3785 1439 3844 Satis
1448 3796 1490 3844 est
1500 3788 1583 3862 bene,
1597 3793 1622 3850 si
1633 3802 1724 3855 metus
1731 3799 1816 3859 absit.

1016 3869 1089 3927 Sunt
1102 3871 1189 3944 etqui
1202 3873 1296 3943 lictus,
1311 3885 1340 3933 et
1353 3878 1453 3950 gaudia
1473 3891 1653 3943 controversa

1015 3962 1180 4038 conjectent
1194 3984 1201 4022 ε
1216 3969 1349 4042 varioque
1364 3972 1474 4031 trabant
1483 3985 1580 4034 eventa
1590 3980 1689 4037 relatu.

1017 4055 1058 4115 lte
1068 4072 1118 4130 per
1128 4058 1255 4133 obliquos
1271 4062 1344 4130 cmii,
1359 4065 1430 4121 mala
1444 4069 1560 4138 somnia,
1578 4071 1705 4144 mundos,

1017 4147 1168 4221 lrrequieta
1181 4152 1242 4224 vagi
1255 4168 1309 4224 qua
1320 4153 1429 4213 difflant
1439 4158 1529 4217 nubila
1539 4162 1634 4219 nimbi.

909 4313 912 4319 Ι
1017 4236 1142 4299 Lunares
1156 4240 1277 4302 habitate
1289 4246 1377 4317 polos.
1394 4248 1465 4317 Quid
1479 4262 1573 4309 nostra
1586 4254 1686 4314 subitis
1732 4260 1743 4332 ;

1016 4331 1136 4404 Limina,
1151 4345 1181 4393 et
1193 4339 1304 4409 angusti
1314 4340 1463 4400 tenebrosa
1477 4344 1578 4402 cubilia
1593 4348 1674 4406 vectii

1016 4427 1059 4484 lle
1071 4427 1153 4486 sinite
1163 4427 1277 4501 ignavas
1290 4431 1426 4501 placidum
1438 4436 1583 4494 traducere
1597 4451 1704 4509 noctes,

977 4489 1087 4578 Duum
1102 4519 1198 4578 redeat
1210 4535 1290 4579 roseo
1305 4522 1372 4580 milri
1386 4524 1496 4583 Luciier
1515 4542 1614 4585 aureos
1628 4542 1714 4590 ortu.⁴

1016 4611 1096 4682 Quod
1110 4614 1133 4671 si
1144 4629 1189 4672 me
1203 4614 1286 4672 nullis
1298 4628 1428 4675 vexatum
1441 4629 1523 4679 nocte
1540 4622 1633 4692 dguris

1019 4705 1108 4763 llullis
1123 4707 1273 4780 tranquillo
1286 4711 1460 4781 permulserit
1473 4728 1537 4772 aere
1550 4729 1679 4785 somnum

1019 4796 1101 4855 llunc
1113 4798 1215 4868 lucum,
1229 4809 1326 4859 nostro
1337 4801 1432 4860 viridis
1445 4804 1492 4876 qui
1503 4805 1612 4864 irondet
1626 4810 1653 4866 in
1669 4824 1737 4885 agro

1020 4888 1146 4962 Ulmeus,
1156 4893 1280 4951 excubiis
1297 4894 1473 4955 habitandum
1485 4897 1583 4960 dedico
1597 4903 1707 4961 restris.
1787 4921 1796 4958 l

163 5020 1808 5066 Μ

797 5117 1189 5212 PARENTALIA·
1228 5197 1233 5208 .

363 5243 497 5334 Prnsntio
510 5263 628 5322 rutilus
642 5273 778 5322 onntotata.

165 5347 288 5407 Nomina
298 5350 446 5410 emromm
455 5353 512 5425 iam
525 5355 637 5414 condita
652 5356 748 5415 lunare
756 5355 845 5429 iusto,

205 5442 283 5502 Flete
297 5444 375 5517 prius
388 5446 529 5522 lacrymis,
547 5465 621 5507 nuoc
635 5449 794 5508 memorabo
806 5449 907 5519 modis,

164 5534 258 5606 Nuda,
270 5536 332 5596 sine
346 5549 457 5610 ornatu,
472 5542 601 5615 laudique
613 5543 738 5602 carentia
749 5544 835 5603 cultu.

204 5628 315 5687 Sallcit
327 5629 435 5690 iniuriis
449 5635 615 5708 exsequialis
625 5634 724 5694 bonos.
831 5705 835 5710 ,

164 5720 265 5808 liquit
274 5720 399 5782 ioum
411 5727 481 5784 salis
491 5726 614 5787 oillciusa
625 5729 757 5802 querelis,

336 5817 476 5886 rinnon.
501 5818 594 5884 XIX:

1059 5267 1157 5341 Annua
1169 5281 1204 5324 ne
1218 5266 1316 5324 tacitus
1326 5284 1440 5328 munera
1455 5282 1623 5344 pretereas:

1022 5357 1091 5428 Quae
1104 5357 1190 5416 linum
1202 5362 1326 5433 cognatis
1338 5363 1474 5422 solemnia
1488 5365 1599 5425 dedicat
1611 5369 1717 5430 umbris
1733 5392 1739 5427 :

1061 5450 1096 5508 ut
1109 5451 1210 5525 gradus
1222 5463 1271 5510 aut
1285 5456 1384 5512 mortis
1394 5457 1527 5527 postulat,
1542 5469 1591 5516 aut
1605 5465 1723 5533 generis.

1022 5544 1083 5603 lloc
1093 5546 1161 5604 satis
1174 5555 1201 5604 et
1217 5547 1343 5618 tumulis,
1360 5549 1429 5606 satis
1446 5559 1475 5607 et
1490 5550 1598 5611 telluris
1609 5558 1714 5628 egenis.

1057 5635 1135 5697 'loce
1147 5638 1221 5698 ciere
1235 5640 1341 5698 animas
1353 5640 1460 5700 luneris
1473 5642 1562 5703 incur
1575 5647 1666 5707 babet.

1021 5732 1148 5794 Gaudent
1160 5733 1305 5807 compositi
1322 5733 1430 5794 cineres
1443 5750 1492 5794 sua
1503 5739 1614 5799 nomina
1635 5742 1700 5801 dici.
1754 5787 1758 5798 .

1546 5832 1587 5897 27
1686 5865 1704 5876 .
