4150 6167
180 284 283 342 litibus
299 299 436 360 oppugnat
451 304 562 364 monuo,
577 309 722 368 nteuntquc
738 298 824 355 inrum
842 320 848 356 ε

149 385 229 452 Αιιμιιι
240 391 268 436 ut
281 385 420 454 perpetuis
433 387 526 445 dotata
542 390 654 449 allanto
667 395 777 465 duellis,

181 476 259 529 druia
274 475 301 530 in
315 492 358 532 nro
373 480 455 544 tollit,
472 497 523 540 nec
534 483 615 540 datur
631 486 687 544 nlla
697 489 784 559 quies.

148 564 256 636 iainque
271 571 431 639 repugnanti
444 572 542 629 dedam
555 591 613 644 me;
630 586 660 635 ut
672 577 791 656 deniquo
803 584 903 641 rictum

179 654 271 728 turget
285 658 321 714 ola
332 660 384 716 lroc
395 662 496 736 solnm,
512 665 603 739 jurgia
616 669 688 741 quod
704 671 818 744 lupiani.

340 776 372 832 C.
388 777 427 834 De
437 780 545 839 Auxilio
559 774 748 846 Grammatico.

148 888 288 946 Entcndata
311 903 401 964 potest
414 911 540 969 quanam
550 915 602 958 uox
617 916 681 962 esse
695 906 833 978 magistri,

178 980 280 1040 Nomen
293 984 338 1057 qul
353 985 493 1059 proprium
509 1005 571 1048 cum
585 993 654 1050 vitiu
665 994 804 1069 loquitur?

148 1073 278 1132 Auxilium
291 1086 317 1134 te
327 1092 426 1151 nempe
436 1095 530 1153 rocas,
544 1083 640 1144 inscito
653 1088 794 1161 magister,

179 1164 215 1221 ua
227 1175 333 1225 rectum
346 1183 440 1229 eantur
451 1191 458 1230 :
469 1172 527 1245 jam
540 1175 702 1237 solicismus
711 1181 777 1239 eris.

351 1283 394 1342 ct.
407 1285 447 1344 De
459 1288 586 1361 {ratribus
600 1290 740 1356 Thebanis.
827 1310 832 1318 ·

146 1396 195 1456 Nec
206 1398 310 1474 Stygiis
322 1401 391 1462 lucis
405 1404 502 1465 locunt
514 1424 566 1467 sua
579 1411 682 1470 loedera
697 1414 797 1475 iratres

177 1493 416 1569 (Edipodionidm
428 1500 465 1559 da
474 1503 576 1562 misero
587 1506 622 1563 alr
637 1506 741 1565 miseri.

145 1582 262 1658 Namque
275 1589 358 1646 etiam
372 1605 406 1648 er
421 1606 477 1650 utto
490 1606 634 1668 surgentes
645 1613 745 1672 angore
758 1602 876 1665 llamtnn

176 1675 204 1734 ln
216 1677 326 1737 diversa
340 1682 383 1740 sui
395 1683 535 1743 dissiliunt
547 1689 661 1747 cineris.

145 1769 269 1832 Infandos
279 1775 412 1846 iurenosl
428 1795 498 1852 quoa
512 1797 564 1841 uec
574 1783 711 1844 discordia
721 1803 815 1848 cassos

175 1863 260 1933 Luca.
274 1883 325 1926 nec
337 1870 365 1952 in
374 1883 462 1930 semet
475 1874 576 1948 linquit
584 1889 663 1936 atrox
675 1880 793 1939 animrts.

144 1957 228 2028 Atque
241 1959 344 2018 utinam
359 1971 388 2021 ct
401 1963 509 2024 Tuaoas
522 1968 644 2040 quissent
654 1975 783 2044 partirier
796 1968 881 2049 ipsas,

175 2049 332 2124 Regnorum
346 2066 374 2115 et
387 2069 485 2132 metas,
499 2069 529 2119 ut
541 2064 665 2124 cinerum
678 2068 810 2129 nebulasl

954 322 979 381 al

314 2170 763 2250 cinnomannorum.

140 2274 180 2334 lttt
194 2279 309 2340 tramine
324 2291 396 2344 terra
409 2288 491 2362 polos
503 2291 612 2365 ingrato
621 2305 706 2353 creat.

141 2368 264 2442 Vicinus,
279 2375 390 2451 hospes,
405 2393 496 2451 notus,
509 2385 632 2458 ignotus,
643 2390 741 2461 cliens,

140 2461 171 2520 lit
184 2465 213 2521 si
226 2482 281 2539 qua
294 2484 397 2542 penora
408 2474 511 2533 civium
525 2487 590 2537 sunt
603 2480 630 2538 id
645 2496 742 2557 mnus,

141 2554 169 2613 st
181 2559 250 2629 qnid
263 2562 365 2633 petenti
379 2577 520 2640 promptus
538 2572 601 2645 opis
616 2573 771 2649 impertias,
833 2633 837 2638 .

143 2645 444 2732 pronominantur
455 2672 576 2722 nonnum
586 2669 669 2738 perit.

379 2769 445 2829 elli.
458 2771 501 2854 ‚de
516 2774 698 2839 Demosthene.

142 2874 254 2939 Discere
263 2884 286 2940 si
299 2886 387 2956 cupis,
400 2903 414 2942 a
428 2888 518 2947 doctis
533 2907 614 2963 qnam
626 2896 711 2952 multa
725 2896 829 2957 licebit.

142 2969 203 3040 nna
213 2974 303 3042 nosti,
315 2979 472 3038 meditando
486 2984 553 3039 reiis
567 2984 721 3046 inolescere
734 2989 830 3048 menti.

141 3062 204 3133 Quae
217 3066 340 3127 didicisti
351 3069 500 3143 hauddum.
516 3076 648 3136 discendo
661 3096 805 3141 aestruere
828 3085 935 3145 tardas
950 3103 975 3168 c

339 3187 405 3245 tlt.
421 3188 460 3246 ue
472 3191 587 3260 fortene
600 3196 736 3253 oerietcte.

141 3291 263 3353 Fortuna
274 3311 422 3369 numquam
434 3303 509 3361 alstit
519 3305 547 3361 in
562 3306 660 3365 eodem
673 3316 756 3368 stetin

141 3387 257 3463 Semper
268 3405 392 3451 moretur
408 3411 416 3450 t
433 3398 532 3466 variat,
546 3408 575 3457 ct
587 3405 779 3474 montrum,

139 3481 173 3540 Et
183 3495 292 3542 sumum
306 3487 333 3545 ln
348 3487 432 3547 imum
447 3494 541 3563 vorin,
553 3507 585 3552 ac
595 3511 675 3555 tersa
689 3500 781 3573 eripit.

417 3603 473 3661 ct.
491 3601 525 3663 1ιι
536 3607 659 3667 Stellam.

140 3707 226 3769 Stella
241 3714 319 3783 prius
331 3715 440 3789 superis
451 3719 585 3794 lulgelms,
604 3724 724 3783 luciicra
741 3737 769 3784 at
780 3745 853 3788 num

175 3803 345 3880 Reductus,
360 3811 446 3868 cassis
460 3812 564 3873 lumine
577 3831 674 3888 vesper
688 3819 754 3877 cris.

380 3926 450 3987 cil.
466 3929 510 3987 dc
524 3931 681 3991 umorem.

137 4031 178 4092 ilc
187 4036 292 4108 inuare,
306 4049 337 4096 ιιι
349 4051 430 4100 natus
444 4046 584 4115 mortalis:
599 4050 683 4124 dilige
696 4051 745 4109 sod
758 4065 829 4125 rota,

137 4126 290 4203 Tamquam
304 4133 483 4206 immmtrlis,
499 4153 561 4197 sors
572 4153 613 4198 ost
626 4141 657 4199 in
674 4153 793 4218 utronno
804 4149 935 4208 meum.

221 4265 302 4325 Ctll.
314 4269 356 4325 td
367 4275 497 4329 notorium
508 4274 667 4335 uelocissime
682 4280 864 4356 excipientem.

283 4383 365 4454 Puer,
378 4396 504 4446 notarunt
521 4399 673 4463 praepetum

281 4475 376 4534 Solcrs
387 4480 525 4550 minister,
539 4482 648 4542 adcola.

281 4567 408 4640 Bipatcns
422 4574 540 4645 pugillar
549 4577 660 4648 expedi,

280 4659 330 4718 Cati
341 4664 425 4722 mults
437 4665 510 4724 lrodi
521 4668 613 4740 copia,

279 4752 390 4812 Punctis
403 4767 511 4826 peraeta
522 4760 648 4833 singulis,

281 4845 317 4904 llt
328 4862 381 4904 um
394 4864 448 4906 vor
462 4849 627 4909 absolvitur.

280 4932 383 4992 Etolro
395 4936 481 4996 libros
492 4940 606 5008 olores,

280 5024 421 5100 instarque
432 5029 526 5087 densae
540 5032 684 5105 grandinis

280 5117 418 5180 'torrento
432 5115 525 5192 ttnpna'
540 5132 697 5208 perstrepo.

277 5212 338 5271 Tilri
354 5230 405 5274 noc
422 5231 506 5275 turos
518 5216 670 5292 ambigunt.

276 5305 334 5366 lieo
351 5321 503 5384 occupatur
515 5313 624 5386 popina.
681 5361 684 5365 .

278 5400 312 5458 Et
326 5410 398 5460 nota
411 5419 495 5476 paroc
509 5404 623 5464 dextera

833 183 1100 251 octonalium.

1137 309 1215 366 liolat
1228 327 1276 382 prr
1291 327 1384 381 annor
1397 328 1519 371 cereum.

1134 399 1201 457 (lum
1216 405 1334 460 maxime
1345 419 1416 462 rruuc
1432 407 1579 480 proloquor

1136 491 1384 567 circumloquentis
1396 498 1509 567 ambitu,

1134 584 1175 640 Tn
1191 601 1270 643 sensa
1284 589 1370 644 nostri
1384 591 1503 660 pectoris

1138 676 1172 735 tlt
1186 679 1260 737 dicta
1269 681 1326 752 jam
1340 683 1412 740 ceris
1430 694 1517 742 tenes.

1138 768 1247 827 Sentice
1261 782 1314 827 tarn
1329 776 1408 830 velox
1424 776 1490 831 milri

1140 860 1244 920 vollem
1258 864 1379 924 dedisset
1389 883 1468 925 rnerrs
1481 884 1553 938 mea,

1134 955 1219 1024 Quam
1237 960 1364 1031 prapctis
1378 961 1484 1018 dextra
1499 962 1560 1034 luga

1135 1048 1174 1104 Τιι
1188 1064 1232 1105 tno
1246 1051 1404 1122 loquentem
1422 1056 1568 1123 praevenis.

1132 1141 1210 1212 Quis,
1221 1159 1326 1216 puoso,
1340 1150 1401 1217 nnis
1412 1163 1456 1204 ute
1472 1147 1611 1219 prodidit?

1136 1231 1203 1301 Quis
1217 1234 1269 1290 ista
1281 1236 1339 1308 jam
1352 1237 1422 1294 dixit
1435 1239 1495 1308 tibi,

1134 1325 1200 1394 Qnae
1215 1327 1365 1400 cogitabam
1379 1330 1494 1389 diceret

1135 1416 1201 1486 Quae
1216 1420 1287 1476 turn
1302 1420 1427 1480 condeio
1443 1424 1541 1482 intimo

1138 1507 1256 1567 Exercet
1266 1512 1323 1569 ales
1333 1512 1466 1571 dextera?

1132 1600 1183 1671 Qui
1194 1604 1263 1660 urdo
1276 1621 1367 1664 rerum
1382 1617 1435 1664 tarn
1451 1626 1549 1679 nonus,

1135 1697 1233 1757 ventat
1248 1701 1275 1757 in
1289 1718 1370 1761 aures
1380 1716 1410 1761 ut
1425 1716 1495 1776 tuas,

1133 1788 1212 1859 Quod
1225 1792 1317 1866 lingua
1332 1797 1451 1854 nondum
1479 1801 1649 1860 ausuri-criti

1135 1882 1263 1940 Doctrina
1276 1902 1331 1943 nnn
1345 1887 1405 1945 hoc
1416 1892 1557 1962 praestitit:

1133 1973 1188 2031 Noc
1204 1976 1257 2032 ulla
1271 1989 1326 2035 tam
1341 1980 1423 2037 velox
1438 1998 1536 2041 uranus

1130 2063 1301 2139 celeripedis
1312 2074 1478 2144 compendii.
1578 2149 1581 2153 Α

1131 2155 1234 2215 Natura
1247 2175 1345 2218 munus
1358 2162 1411 2222 hoc
1423 2166 1482 2235 tibi,

1136 2248 1262 2323 ileusque
1274 2253 1374 2312 donum
1392 2258 1521 2317 tradidit:

1133 2343 1201 2411 Quae
1213 2345 1353 2417 loquerer,
1366 2356 1397 2405 ιιι
1410 2350 1494 2408 scires
1507 2356 1596 2426 prius:

1133 2436 1263 2511 ldetttquo
1272 2440 1369 2510 velles,
1382 2444 1456 2515 quaid
1471 2445 1543 2504 volo.

1096 2548 1188 2609 clla.
1203 2554 1338 2612 Antonios
1351 2556 1481 2631 Hesperio
1491 2560 1549 2630 filio
1562 2561 1682 2620 mititem.

989 2664 1085 2741 lgnota
1096 2677 1208 2726 aeternae
1221 2686 1256 2727 ne
1268 2670 1325 2728 sint
1338 2673 1387 2730 tilri
1404 2683 1526 2746 tempora
1540 2675 1647 2748 Rornae,

962 2765 965 2772 ’
1026 2760 1158 2834 Regibus,
1174 2774 1201 2819 et
1211 2772 1318 2836 potrum
1332 2766 1414 2823 duola
1428 2768 1482 2825 suls
1496 2769 1628 2841 imperiis,

990 2853 1096 2926 Digessi
1111 2854 1219 2924 Festos,
1233 2864 1262 2913 ct
1276 2859 1386 2915 nomina
1401 2860 1523 2932 perpetis
1539 2863 1610 2918 uri:

1026 2948 1126 3021 Sparsa
1135 2950 1228 3021 iacent
1239 2951 1345 3009 Latiam
1360 2953 1383 3011 si
1400 2970 1453 3027 qua
1468 2971 1517 3027 por
1529 2957 1683 3016 historiam.

991 3041 1032 3101 Sit
1044 3052 1105 3100 tuus
1120 3043 1164 3101 liic
1173 3043 1288 3110 innotus.
1303 3047 1429 3119 vigilatas
1443 3050 1537 3120 accipe
1551 3063 1657 3107 noctes.

1027 3133 1192 3208 Oitseqnitnr
1202 3138 1295 3195 studio
1309 3149 1402 3196 nostn
1416 3140 1529 3198 luoertta
1542 3151 1600 3198 ino.

992 3225 1033 3283 Tu
1048 3242 1156 3300 quoquae
1169 3237 1301 3287 venturos
1315 3230 1486 3304 perlongum
1502 3248 1617 3292 consere
1624 3233 1721 3293 danos.

1027 3318 1065 3377 Ut
1079 3337 1138 3379 mea
1154 3325 1293 3395 congessit
1306 3326 1404 3397 pagina
1414 3330 1581 3399 praeteritos.

991 3413 1154 3486 Exemplum
1167 3416 1224 3488 jam
1241 3418 1329 3488 patris
1343 3419 1443 3476 habes:
1459 3434 1489 3477 ut
1508 3422 1635 3491 protinus
1648 3434 1712 3482 ette

1026 3503 1163 3578 aggreget
1178 3507 1307 3565 Ausoniis
1327 3525 1449 3581 purpura
1465 3512 1636 3571 consulibus.

989 3619 1225 3695 ClX.Snppntotio
1235 3624 1267 3680 nd
1276 3624 1448 3681 ordceondito
1456 3627 1656 3683 inconsolatum
1664 3639 1791 3687 nostrum.

990 3733 1076 3791 nutris
1092 3733 1222 3792 undecies
1232 3746 1343 3793 centum
1354 3737 1490 3811 conjunge
1503 3747 1665 3812 quaternos,

989 3825 1125 3884 Undecies
1139 3843 1277 3902 unumque
1289 3845 1373 3902 super
1385 3830 1525 3888 trieterida
1539 3841 1620 3890 necte
1634 3849 1642 3889 a

951 3986 956 3996 .
990 3918 1054 3976 llaec
1064 3918 1117 3976 erit
1129 3928 1240 3978 :clerum
1251 3923 1337 3980 series
1345 3922 1380 3980 ab
1392 3917 1498 3997 origine
1507 3923 1612 3982 Romae.

1164 4035 1167 4042 '
1184 4033 1241 4090 CX.
1253 4032 1295 4091 Dc
1306 4036 1395 4092 eodem
1405 4035 1441 4091 nd
1455 4033 1611 4094 Proculam.

989 4147 1072 4206 Urbis
1086 4149 1121 4206 ab
1135 4157 1245 4207 aterna
1260 4149 1407 4208 deductam
1418 4167 1482 4224 rege
1495 4152 1612 4222 Quirino

1024 4241 1165 4298 Annorum
1178 4241 1278 4298 scriem
1290 4256 1364 4309 cum,
1377 4241 1505 4310 Procule.
1521 4244 1655 4317 accipies:

989 4332 1064 4391 tlitta
1076 4345 1348 4408 anuoscentnmqua,
1362 4345 1391 4394 ct
1400 4337 1441 4393 lits
1452 4335 1565 4396 duxissa
1579 4354 1703 4396 nouenos

1025 4424 1151 4483 Consulis
1165 4425 1280 4483 Ausonii
1294 4442 1394 4484 nomen
1408 4426 1530 4502 adusque
1543 4429 1629 4501 iopes.

948 4487 976 4551 Ῑ)
987 4513 1058 4574 Fors
1068 4517 1134 4587 erit,
1145 4525 1176 4575 ut
1185 4519 1302 4575 lustrum
1314 4533 1376 4576 cunt
1388 4521 1612 4579 accumulaverit
1625 4521 1697 4589 istis,

1022 4608 1183 4668 conlectam
1198 4610 1332 4669 Proculus
1344 4611 1436 4685 signet
1446 4611 1649 4686 Olympiadem.

1131 4723 1201 4784 CXl.
1225 4723 1260 4781 1ιι
1270 4725 1322 4796 line
1336 4726 1452 4798 nudem
1465 4725 1525 4782 titel
1537 4727 1633 4786 addim

988 4838 1127 4897 llactenus
1139 4839 1255 4910 ascripsi
1264 4838 1372 4895 Pastor.
1387 4837 1418 4897 sl
1428 4853 1489 4896 sors
1499 4838 1585 4911 nolet,
1597 4839 1667 4897 nltca

1022 4931 1168 5003 adjiciam.
1184 4933 1213 4990 Si
1229 4933 1356 5005 numqui
1371 4931 1450 5007 lopo,
1463 4931 1589 5006 adliciat.

984 5024 1062 5084 Scire
1076 5024 1166 5096 cupis,
1178 5025 1224 5097 qni
1236 5024 1288 5082 sim
1298 5025 1311 5080 i
1322 5025 1431 5082 titulum
1444 5027 1492 5098 epti
1507 5037 1624 5098 pteram
1637 5026 1672 5083 alr
1683 5026 1737 5082 imo
1749 5033 1792 5083 cst

1020 5117 1133 5186 Quaere3
1148 5116 1224 5190 leges
1237 5131 1336 5174 nomon
1350 5118 1476 5175 Gmtsulls
1487 5116 1614 5176 domnii.

1020 5228 1108 5287 Nora.
1129 5229 1165 5287 ln
1180 5229 1253 5288 ltiece
1271 5233 1408 5305 postremis
1425 5239 1538 5301 mntem
1559 5231 1790 5307 epiprmnntatiltu

985 5323 1159 5380 onintotlocrti
1171 5332 1254 5395 potest
1267 5334 1399 5384 auctorest
1416 5325 1547 5398 [actorem
1557 5343 1573 5381 n
1583 5343 1610 5382 te
1628 5327 1790 5400 clipeatorum

878 5403 885 5416 ⁸
986 5415 1145 5475 meminisse.
1157 5415 1235 5485 Quod
1245 5426 1335 5474 ιιιιιιιι
1346 5419 1503 5492 οριιιιιιιιιιι
1517 5417 1681 5489 murenam
1692 5427 1741 5476 est.
