4150 6167
289 220 343 286 887
985 213 1079 277 bECli
1096 214 1236 278 absenti
1866 226 1913 287 888

292 335 333 391 Tu
347 334 482 405 tropicum
495 334 548 391 soli
562 333 596 390 da
610 331 724 400 cedere:
739 346 836 389 rursus
847 339 876 391 et
888 331 963 389 illum

291 426 380 498 Terga
395 427 472 493 dare,
489 436 518 483 ut
530 427 632 498 duplex
646 428 767 498 tropicus
782 427 901 482 varietur
913 426 947 481 ab
960 435 1047 491 astro.

291 519 328 576 Et
341 529 437 591 qnater
450 537 465 575 a
478 521 566 577 ternis
581 531 710 592 properet
723 521 838 576 mutatio
851 519 949 591 signis.

292 611 416 668 AEstiros
431 612 540 683 impelle
554 613 624 682 dies,
639 612 819 685 brumamque
833 620 986 668 morantem

291 705 422 762 Noctibus
442 704 580 761 acceleret
594 704 743 775 promissus
756 704 874 760 casaris
887 718 985 760 attans.

1105 327 1131 389 Δ
1143 328 1239 386 onata
1251 327 1327 386 solns
1342 327 1437 397 babes,
1447 342 1511 399 quae
1523 327 1596 395 lons,
1608 343 1670 401 qnae
1681 329 1766 398 tirus,
1775 341 1802 388 et
1813 337 1897 406 anob,

1146 421 1180 478 lit
1193 422 1279 490 lacus,
1294 432 1323 479 et
1334 421 1407 478 binio
1421 421 1522 478 redens
1536 421 1692 477 manamine
1707 434 1809 494 pontus.

1145 513 1186 570 Tu
1199 513 1314 585 placidis
1327 514 1470 585 prolapsus
1483 514 1574 585 aquis,
1588 529 1638 569 nec
1652 529 1785 572 tnnrmura
1795 521 1860 576 renti

1145 607 1215 676 Ulla,
1232 623 1282 665 nec
1296 608 1397 666 occulti
1410 609 1515 680 pateris
1527 608 1675 663 luctamina
1691 609 1756 664 sari.

1144 699 1205 757 Non
1217 714 1363 772 superante
1373 702 1444 757 rado
1457 699 1566 771 rapidos
1580 715 1709 769 reparare
1719 710 1820 760 meatus

293 796 371 853 illurn
393 811 445 868 ego
463 797 488 851 si
503 811 626 867 cernam,
642 808 699 852 turn
719 805 815 868 terque
827 804 978 868 quaterque
988 794 1094 863 beatae,
1145 792 1269 865 Cogeris,
1281 801 1424 850 exstantes
1437 791 1528 848 medio
1542 805 1713 863 nonnquore
1727 797 1806 850 terras

294 886 371 944 Tune
386 902 435 945 ero
449 887 490 944 bis
504 889 617 958 consul,
631 896 696 944 tunc
711 897 819 960 tangam
831 891 934 944 uertice
946 886 1057 944 ctelnm.

582 1020 748 1079 tutbbttltt
762 1020 809 1078 ΙΧ.

451 1135 517 1193 itetu
534 1138 647 1209 prteutio
661 1134 778 1192 kalendis
792 1133 940 1192 Ianuariis.

332 1258 422 1329 bane,
434 1257 515 1314 bonis
526 1265 616 1328 coepte
630 1256 770 1328 auspiciis,
786 1255 874 1312 ielicia
887 1256 978 1314 cernis

295 1352 423 1410 formulis
439 1352 552 1408 Ausonii
568 1350 731 1424 primordio,
743 1362 1007 1422 promecoruscnm‚

297 1446 345 1504 Sol
359 1451 475 1511 etune,
490 1454 571 1516 caput
587 1462 593 1496 :
609 1442 903 1513 solitoquejllustrior‚
917 1442 991 1498 atrro

295 1538 412 1595 Lumine
431 1552 599 1609 purpureum
610 1538 691 1609 jubar
704 1550 803 1594 exsere
816 1536 887 1592 lucis
902 1536 976 1591 ane.

297 1633 387 1702 Anne,
402 1644 481 1704 pater
493 1647 597 1697 rerum,
612 1647 681 1703 quas
695 1631 757 1688 tani
772 1646 867 1687 mense
882 1629 1007 1686 biirontis

295 1725 391 1782 Voltis
401 1726 429 1781 in
441 1725 587 1782 hibernum
600 1723 708 1795 glaciali
724 1725 778 1779 inte
792 1723 982 1792 Decembrem,

297 1817 387 1882 durae,
403 1815 477 1881 seni,
498 1827 526 1869 et
537 1812 638 1870 testum
651 1814 752 1870 veteris
766 1827 854 1869 notus
864 1813 956 1884 asptiee
971 1814 1046 1871 lani.

299 1907 442 1964 Solemms
458 1906 656 1977 pertulerim,
670 1906 834 1978 bissenaque
847 1907 948 1964 mundo

299 1997 440 2056 Curriculo
454 2001 569 2071 aquatis
580 1999 691 2056 varians
705 2015 754 2070 per
768 2009 892 2072 tempora
901 2000 999 2072 sigum

299 2090 471 2163 Praecipitem
486 2099 588 2150 telerna
603 2092 695 2163 perier
714 2093 850 2165 vertigine
864 2107 992 2163 cursum;

300 2183 347 2242 ste
362 2199 448 2254 prono
458 2196 565 2256 raptate
580 2185 645 2257 polo
659 2186 796 2243 contraria
811 2185 931 2243 Pittebus

302 2277 337 2335 Ut
351 2286 488 2336 momenta
504 2277 576 2336 ierat
585 2290 694 2337 serrata
708 2289 788 2352 parte
803 2280 922 2348 tliertrm,

301 2369 336 2426 lit
348 2385 435 2426 notus
448 2370 563 2428 hiberno
577 2382 687 2444 reparet
702 2387 750 2429 sua
765 2372 868 2431 lumina
885 2375 975 2444 pulsu.

301 2463 439 2519 Menstrua
455 2464 597 2521 terdecies
609 2466 726 2521 redeunt
737 2466 801 2523 dum
815 2480 917 2523 cornua
933 2466 1028 2534 Lttttae,

301 2553 431 2622 Exortus,
447 2556 593 2629 obitusque
606 2573 687 2614 tnauu
700 2559 829 2616 uoluente
840 2560 953 2627 rotabis,

299 2644 464 2719 Legitimum
480 2647 575 2707 Pitoebi
589 2650 721 2708 cohibens
734 2666 784 2723 per
797 2656 874 2725 signa
888 2663 1018 2711 meatum.

596 2787 759 2848 tbttbttttt
791 2790 824 2847 lt.

638 2904 763 2964 dicullo.

338 3015 510 3076 Transieram
523 3020 643 3078 celerem
658 3022 791 3082 nebuloso
806 3024 907 3083 lumine
921 3025 1037 3097 Natam,

302 3108 402 3165 llddita
417 3111 531 3166 miratus
542 3115 626 3168 veteri
642 3129 710 3171 nora
722 3119 821 3172 muenia
836 3119 897 3175 rico
915 3138 921 3172 ε

304 3200 435 3272 AEquasit
450 3202 542 3257 Latias
556 3204 601 3259 nbi
614 3207 749 3276 quondam
765 3207 850 3264 Gallia
861 3209 970 3267 Cunttas
987 3231 993 3265 ε

303 3291 462 3363 infletaque
475 3293 570 3364 iaceat
584 3296 679 3368 inopes
692 3312 774 3370 super
788 3313 853 3357 arra
867 3314 995 3360 cateruae.

304 3381 383 3440 liade
397 3383 448 3440 iter
460 3385 616 3458 ingrediens
631 3402 775 3447 nemorosa
788 3407 837 3463 per
848 3392 907 3448 aria
921 3394 1022 3465 sulum,

305 3476 341 3533 Et
353 3478 426 3534 nulla
440 3479 551 3536 bumani
566 3493 695 3553 spectans
709 3486 821 3558 vestigia
837 3487 940 3557 cultus,

303 3572 577 3632 platamonensem
592 3578 748 3636 sitientibus
760 3581 880 3653 nardique
893 3585 975 3641 terris

302 3666 491 3736 Dumnissum,
501 3669 645 3741 riguasque
659 3672 773 3742 perenni
790 3673 864 3731 iutrtc
874 3673 1023 3742 Tabernas,

302 3760 431 3833 Arvaque
443 3761 636 3821 Sauromatum
652 3781 739 3838 nuper
753 3775 853 3824 ructata
866 3768 972 3825 euiottis
987 3788 994 3823 :

303 3856 340 3912 lit
354 3857 463 3915 tatrrdcm
478 3860 572 3930 primis
583 3860 724 3932 belgarum
735 3864 880 3933 conspicor
894 3864 951 3920 oris

303 3947 497 4023 Nitornagnm‚
512 3952 566 4008 diti
580 3965 669 4010 eastra
683 3954 784 4028 inclyta
796 3954 981 4014 Constantini.

304 4041 403 4100 Patior
415 4042 459 4100 bic
471 4046 574 4116 campis
588 4060 637 4103 aer
655 4045 848 4120 :Plroebnsque
861 4063 960 4106 sereno

304 4135 421 4194 Lutatiae
434 4154 600 4211 purpureum
613 4151 718 4198 reserat
726 4142 782 4212 iam
797 4143 1047 4216 sudrtsillympnm.

304 4229 361 4286 Nec
373 4231 430 4300 iam
445 4234 580 4290 consertis
594 4249 642 4307 per
653 4244 745 4292 mutua
759 4237 867 4293 uincula
879 4238 962 4294 tarnis

304 4324 443 4392 Quaeritur
457 4325 600 4383 exclusum
615 4326 692 4385 uiridi
705 4329 823 4401 caligine
835 4331 933 4388 ctelum
951 4347 958 4384 ι

1146 884 1315 956 iuterceptns
1328 885 1413 942 babes
1430 903 1436 938 :
1450 885 1517 955 justi
1533 900 1568 941 nc
1582 884 1674 941 demat
1685 886 1804 945 tutorem

1147 978 1279 1047 Nominis,
1294 978 1436 1034 exclusum
1448 978 1471 1032 si
1484 976 1588 1034 dividat
1602 978 1691 1034 insula
1702 979 1806 1036 dumea.

1148 1069 1189 1125 Tu
1198 1069 1319 1140 duplices
1331 1069 1428 1127 sortite
1440 1071 1510 1134 vias.
1526 1078 1627 1125 etcum
1642 1085 1722 1127 amate
1735 1072 1847 1128 secundo

1148 1160 1268 1233 bedun,
1283 1171 1314 1217 nt
1326 1162 1431 1219 euers
1445 1160 1546 1219 ieriant
1557 1160 1625 1216 unda
1639 1163 1743 1218 concita
1757 1166 1821 1219 tenti
1835 1183 1841 1218 :

1149 1253 1184 1309 Et
1193 1269 1256 1310 cnm
1268 1269 1317 1325 per
1331 1253 1417 1323 ripas,
1430 1268 1562 1324 nusqumn
1576 1263 1705 1312 cessante
1715 1255 1839 1323 remulco.

1150 1347 1296 1402 intericiunt
1307 1348 1378 1403 collo
1392 1349 1526 1402 malorum
1541 1348 1649 1404 tincnis
1663 1358 1763 1408 nautae.

1150 1438 1210 1510 lpse
1223 1448 1284 1495 tuos
1296 1440 1422 1511 quotiens
1435 1438 1543 1496 miraris
1554 1439 1583 1495 in
1596 1455 1675 1495 amne
1687 1455 1822 1508 recursus,

1149 1532 1351 1606 legitimosque
1362 1544 1441 1605 putas
1456 1549 1541 1605 prope
1550 1532 1662 1605 segnim
1677 1535 1718 1589 irc
1732 1536 1842 1591 mutusi

1150 1626 1191 1682 ‘iu
1207 1641 1296 1700 neque
1313 1627 1447 1700 limigenis
1463 1629 1549 1699 ripam
1566 1627 1725 1699 pactexeris
1739 1629 1813 1697 uiris,

1111 1718 1137 1781 B
1149 1715 1205 1775 Nec
1216 1719 1294 1790 piger
1305 1718 1446 1775 immundo
1461 1717 1604 1790 potiundis
1616 1719 1803 1788 littoracteno.

1150 1812 1226 1870 Sicca
1240 1812 1327 1870 sedin
1341 1814 1429 1885 prima
1441 1815 1562 1885 aspergis
1576 1816 1689 1886 vestigia
1702 1814 1818 1887 lympha.

1186 1906 1196 1961 Ι
1212 1922 1295 1972 nunc,
1306 1917 1335 1963 et
1346 1906 1473 1980 Phrygiis
1485 1908 1543 1964 sola
1556 1907 1629 1964 lenia
1639 1923 1754 1974 consere
1766 1908 1859 1974 crustis,

1150 1998 1279 2056 Tendens
1294 2015 1476 2057 marmoreum
1492 1999 1616 2072 laqueata
1631 2014 1681 2073 per
1695 2001 1766 2056 attia
1778 2016 1894 2072 campan.

1151 2090 1201 2147 Ast
1214 2107 1266 2163 ego
1276 2091 1422 2164 despectis,
1437 2107 1498 2163 quae
1508 2107 1608 2148 census
1619 2107 1741 2164 opesque
1751 2092 1882 2160 dederuut,

1151 2184 1260 2243 Naturae
1275 2186 1395 2242 mirabor
1407 2199 1485 2255 opus,
1499 2201 1563 2250 nou,
1578 2199 1643 2240 cura
1660 2196 1801 2255 rtcpntnnt,

1152 2279 1281 2351 betaque
1290 2279 1405 2351 jacturis
1418 2280 1463 2336 ubi
1477 2280 1629 2335 iuxuriatur
1641 2287 1762 2350 egestas.

1153 2373 1204 2428 llic
1217 2370 1312 2429 solides
1325 2381 1451 2428 sternuat
1465 2370 1606 2427 bumentia
1620 2371 1713 2426 littora
1726 2384 1827 2437 arene,

1153 2466 1208 2523 Nec
1226 2466 1349 2522 retinent
1362 2479 1500 2521 memores
1515 2464 1629 2536 vestigia
1643 2479 1737 2535 pressa
1749 2463 1855 2536 ligures.

1153 2560 1293 2630 Spectaris
1306 2560 1394 2615 uitreo
1407 2575 1456 2632 per
1469 2558 1537 2616 lesia
1553 2568 1627 2630 terga
1640 2556 1791 2628 profundo,
1824 2615 1827 2620 ,

1154 2653 1259 2711 Secreti
1271 2653 1339 2709 nibil
1352 2653 1442 2708 enanis
1452 2651 1565 2708 itabens.
1577 2649 1667 2721 thue
1680 2649 1774 2705 almus
1783 2656 1867 2721 aperto

1154 2745 1286 2803 Panditur
1300 2746 1400 2801 intuitu
1412 2744 1520 2816 liquidis
1532 2743 1670 2801 obtutibus
1684 2759 1742 2810 aer,

1153 2837 1209 2895 lieo
1223 2838 1321 2910 placidi
1334 2838 1481 2910 probibent
1493 2837 1587 2894 oculos
1599 2852 1648 2908 per
1662 2834 1750 2892 inania
1768 2835 1853 2891 read:

1154 2929 1201 2987 Sic
1214 2930 1338 2987 demersa
1349 2930 1445 3001 procul
1457 2928 1572 2986 dtrraate
1582 2944 1631 3002 per
1641 2929 1738 2985 intima
1747 2929 1812 2984 visu

1153 3020 1309 3088 Censuimus.
1323 3027 1470 3095 arcanique
1483 3032 1558 3096 patet
1571 3022 1710 3094 penetrale
1724 3019 1819 3077 tuenti
1833 3038 1838 3071 :

1117 3098 1142 3164 C
1156 3113 1223 3174 Cntn
1240 3117 1307 3173 rada
1320 3119 1492 3184 leuemeeuu
1507 3117 1668 3189 liquidarum
1682 3125 1712 3174 et
1721 3116 1926 3188 lapsusequarnn

1157 3211 1252 3268 Prodit
1264 3213 1380 3270 caerulea
1395 3213 1532 3284 dispersas
1546 3213 1606 3268 lnce
1621 3211 1722 3282 liguros
1736 3227 1744 3265 ε

1156 3306 1233 3374 Quod
1246 3306 1350 3363 sulcata
1364 3306 1414 3362 leti
1428 3305 1562 3376 crispatur
1576 3319 1659 3360 arena
1672 3310 1785 3359 meatu:

1156 3401 1286 3457 inclinata
1301 3408 1422 3456 tremunt
1434 3399 1512 3455 uiridi
1526 3399 1598 3470 quod
1613 3398 1735 3470 grantina
1749 3395 1839 3452 luade.

1156 3491 1244 3561 thue
1258 3493 1311 3547 sub
1324 3489 1448 3563 ingenuis
1462 3492 1570 3561 agitatre
1585 3489 1706 3545 iotttibus
1722 3487 1816 3544 herbe

1156 3583 1304 3642 librantes
1316 3585 1454 3656 patiuntur
1467 3598 1550 3656 aquas
1567 3601 1573 3637 :
1589 3583 1731 3655 lucetque,
1743 3582 1859 3651 latetque

1155 3676 1283 3735 Calculus
1299 3696 1305 3731 :
1321 3686 1350 3735 et
1365 3677 1478 3735 uiridem
1490 3676 1632 3748 distinguit
1645 3676 1737 3748 glarea
1754 3686 1881 3730 tnnscurn.

1155 3767 1223 3825 Nota
1237 3768 1395 3826 Caledoniis
1409 3768 1472 3825 talis
1487 3770 1589 3841 pictura
1603 3766 1754 3835 Britannis,

1156 3862 1224 3919 Cum
1238 3861 1338 3921 uirides
1352 3864 1438 3934 algas,
1456 3873 1483 3919 et
1499 3863 1580 3918 rubra
1595 3861 1706 3918 corallia
1721 3859 1808 3916 undat

1156 3954 1267 4022 Estne,
1281 3964 1309 4011 et
1320 3955 1444 4011 albentes
1456 3954 1623 4011 concbatnm
1635 3953 1757 4024 germina
1773 3952 1875 4015 baccas,

1157 4047 1324 4119 deliciasque
1335 4042 1474 4104 hominum
1486 4046 1766 4119 loerrpietes‚quaeque
1776 4042 1827 4100 snb
1835 4036 1907 4097 undis

1156 4139 1324 4197 Assimniant
1337 4152 1445 4197 nostros
1461 4141 1562 4197 imitata
1576 4140 1687 4196 monilia
1700 4137 1804 4193 cultus.

1052 4227 1063 4248 ‘
1157 4233 1233 4289 ilnnd
1248 4233 1330 4291 aliter
1342 4232 1454 4305 placide
1466 4234 1561 4289 subter
1576 4231 1643 4287 uada
1656 4230 1716 4285 tata
1729 4227 1861 4293 liosella.

1157 4325 1266 4399 Detegit
1281 4327 1418 4384 admixtos
1432 4341 1486 4382 non
1500 4324 1630 4383 concolor
1643 4324 1727 4380 lterba
1742 4322 1859 4394 lapillos.

272 4446 275 4451 ·
305 4417 361 4476 Sed
373 4417 505 4491 liquidum
517 4417 610 4490 jubar,
627 4430 655 4476 et
669 4423 778 4479 rutilam
790 4426 941 4483 visentibus
951 4423 1067 4483 aetbram
1156 4420 1280 4479 intentos
1293 4430 1383 4478 temen
1397 4436 1483 4491 nsque
1495 4419 1588 4477 oculos
1602 4434 1696 4475 errore
1708 4418 1819 4489 latigant

303 4512 401 4570 Libera
414 4514 551 4587 perspicui
562 4530 614 4573 nou
629 4517 730 4575 inuidet
741 4535 807 4577 aura
820 4522 885 4579 diei.

303 4604 333 4661 ln
349 4607 469 4677 speciem
481 4623 543 4664 curn
559 4624 603 4666 me
615 4612 722 4680 patrie.
735 4614 892 4688 enituntqne
907 4615 1018 4672 ttitcutis

303 4696 457 4770 burdigala
471 4700 572 4759 blando
585 4704 748 4775 pepulerunt
763 4710 855 4764 omnia
868 4709 939 4776 risu,

303 4790 429 4848 Cttlmiua
442 4792 584 4862 siliarum,
596 4797 780 4866 pettdentibus
791 4800 863 4855 edita
877 4800 956 4872 ripis,

304 4885 340 4942 Et
351 4884 451 4943 virides
466 4886 574 4944 Baccho
586 4889 682 4958 colles,
697 4901 723 4947 et
737 4905 844 4948 amoeua
857 4893 958 4950 ilncnta

302 4979 521 5037 Subterlabeutis
537 4980 620 5037 tacito
634 4997 745 5040 rumore
758 4983 889 5042 Mosellae.

340 5075 433 5143 Saite,
448 5073 535 5131 amuis
550 5073 660 5131 laudate
672 5075 755 5147 agtus,
766 5077 873 5134 laudate
888 5078 1010 5145 eoiottis.

304 5166 417 5238 bignata
432 5166 550 5238 irnperio
564 5165 665 5225 debent
679 5168 723 5225 eni
734 5171 834 5227 ntoenia
846 5169 955 5241 Belgae:

302 5259 399 5317 Amnis
410 5258 551 5318 odoriiero
562 5258 628 5333 juga
641 5259 713 5342 vitea
726 5262 831 5319 consite
846 5262 966 5331 Baecltn,
1037 5276 1042 5284 ’

302 5352 414 5410 Consite
426 5354 580 5426 gramineas
594 5354 683 5410 atonis
696 5353 860 5412 viridissime
874 5356 949 5426 ripas
962 5374 968 5410 :

302 5445 435 5519 danger,
451 5457 480 5504 ut
494 5448 624 5521 pelagus;
639 5447 756 5506 dereses
772 5464 874 5521 pronus
890 5449 918 5506 in
931 5447 1027 5520 nudas.

302 5537 340 5596 lit
354 5539 470 5608 durins3
483 5542 624 5613 vitreoque
638 5540 715 5599 lacus
727 5541 832 5600 imitate
842 5542 994 5613 proinndo;

302 5629 340 5688 tn
353 5632 427 5688 riros
439 5632 544 5704 trepido
555 5635 626 5704 potis
640 5634 809 5707 equiparare
818 5645 922 5704 meatu,

302 5724 337 5781 iit
348 5723 452 5794 liquido
461 5726 565 5797 gelidos
576 5725 666 5784 lentes
679 5727 838 5799 praeeellere
852 5738 929 5803 potu,

1116 4488 1356 4574 ”interludentes
1369 4517 1494 4572 eranrina
1504 4515 1608 4571 lubrica
1622 4512 1719 4586 pisces.

1157 4610 1212 4668 Sed
1228 4626 1317 4682 raeque
1330 4619 1372 4667 tot
1383 4612 1499 4682 species,
1513 4609 1719 4680 obliquatosque
1732 4613 1850 4668 natatus.

1156 4704 1278 4775 Quaeque
1291 4717 1339 4775 per
1355 4702 1499 4758 advenum
1514 4700 1665 4757 succedunt
1675 4698 1781 4770 agmina
1795 4695 1902 4758 domm,

1157 4802 1337 4873 Namiuaque,
1349 4813 1374 4857 et
1389 4812 1503 4858 etractus
1517 4812 1669 4855 numerasse
1682 4796 1774 4867 stirpis
1785 4794 1919 4857 alannus,

1159 4894 1246 4949 Edere
1261 4894 1311 4948 ias.
1324 4892 1403 4948 liaud
1415 4893 1463 4948 illc
1472 4892 1546 4958 sinit,
1556 4892 1599 4946 cui
1612 4904 1676 4947 cura
1687 4886 1814 4945 secuudte

1155 4985 1258 5051 Sertis,
1269 4992 1298 5041 et
1312 4983 1433 5056 equorei
1447 4984 1530 5041 cessit
1546 4984 1628 5039 tutela
1645 4980 1777 5037 tridentis.

1191 5080 1230 5134 'ta
1243 5079 1310 5135 mibi
1324 5079 1460 5134 llttmineis
1474 5077 1623 5133 habitatrix
1635 5074 1699 5132 Nais
1712 5073 1738 5129 in
1753 5070 1823 5140 oris,

1154 5171 1326 5245 Sqttatnigeri
1338 5173 1429 5244 gregis
1448 5172 1500 5226 ede
1512 5170 1628 5232 citeros:
1637 5167 1792 5240 liquidoque
1804 5162 1858 5220 snb
1871 5158 1940 5216 atreo

1154 5265 1263 5322 Dissere
1273 5265 1391 5322 ceruleo
1405 5263 1544 5320 linitantes
1558 5276 1639 5317 arnnc
1651 5270 1781 5316 catervas.

1190 5359 1343 5430 Squameus
1358 5358 1501 5430 tlterbosas
1514 5356 1611 5428 Capito
1626 5354 1767 5412 interlucet
1777 5365 1891 5416 arenas,

1155 5450 1268 5508 viscere
1280 5464 1337 5521 prae
1351 5459 1445 5506 tenero
1461 5448 1552 5504 sattim
1567 5455 1724 5519 congestus,
1738 5444 1844 5508 aristis,

1154 5540 1209 5600 lice
1223 5541 1370 5598 duraturus
1385 5551 1446 5614 post
1459 5541 1520 5597 bina
1533 5539 1648 5598 triburia
1659 5538 1768 5594 mensis.

1155 5633 1354 5706 Purpureisqne
1367 5634 1447 5691 Salar
1460 5633 1585 5689 stellatus
1598 5640 1704 5703 tergora
1719 5626 1810 5701 guttis,

1155 5725 1189 5781 Et
1200 5725 1275 5782 nullo
1288 5725 1375 5800 spina
1391 5727 1530 5784 nociturus
1547 5724 1671 5782 acntninc
1683 5721 1766 5789 neta,
