4150 6167
172 158 224 226 lul
859 162 1128 230 enotcoottbbt.
1775 182 1829 249 stt

172 274 273 333 iiilarli
301 273 468 331 Pictorerurn
488 274 602 354 epirmpi
629 277 822 336 lucubrationes
838 281 901 338 elim
927 298 972 356 per
985 287 1011 346 Α
1025 295 1084 337 eunt
1099 276 1168 338 brad.
1186 278 1274 340 ilioni
1294 286 1387 355 editio,
1403 304 1456 361 quo
1470 290 1562 347 Barnea
1584 295 1620 349 ed
1633 297 1691 369 einr
1715 300 1832 371 recoqui-

169 364 235 423 Ber.
248 364 390 422 Erasmurn
399 367 461 424 liet.
472 369 545 424 lroud
558 368 728 427 oredioerilrus
742 372 881 428 ruderibus
888 390 974 429 cernor·
1026 373 1122 427 tieocor
1134 374 1174 428 uri
1185 377 1288 446 luernm
1299 380 1393 448 frustrer
1404 385 1497 453 nestri,
1509 385 1699 456 nobirdeesret,
1715 390 1831 464 adeoque

168 461 250 529 datto,
266 479 337 518 nunc
356 463 441 519 denuo
462 464 663 537 uigilantissirno
685 482 748 522 rora
759 468 794 522 ad
807 468 887 538 fidem
901 468 974 524 orirer
1026 482 1086 535 nee,
1096 467 1682 554 quidineoleperetur,constaretllleqneuero
1698 484 1732 539 ad
1741 484 1832 543 lectio·

168 556 332 629 antiquitatis
340 558 686 633 exemplariumrecoqnitoe.
695 560 819 630 Paririir,
827 561 974 634 euosioioa
1026 575 1087 614 itero
1099 561 1316 635 confirmandum,
1328 585 1407 640 quarn
1420 571 1528 629 aliunde
1540 576 1604 630 satu
1620 588 1717 634 certant
1730 598 1831 655 semper·

170 647 275 706 Caroioe
287 648 412 707 Guillord
430 651 477 709 rub
494 651 806 712 SeleAureo.Prreiatur
818 653 974 711 badericus
1026 655 1185 726 mrtmimus,
1195 657 1291 715 codicis
1305 659 1386 734 buius
1399 668 1554 723 auctoritate
1568 686 1614 726 nar
1626 688 1699 744 eqere
1714 683 1774 729 tuno
1787 692 1831 730 or·

171 742 291 801 uirens.
305 743 492 803 Nihilominus
515 744 692 804 Constantius
712 747 805 818 plures
830 746 898 804 alias
925 760 975 817 pro
1027 747 1197 808 &trabomen
1222 751 1322 809 Nostro
1335 755 1539 817 cilentio-oretur
1553 763 1730 835 disceptator,
1744 778 1784 835 et,
1800 780 1830 825 ur

170 849 239 892 voce
249 833 391 909 adoptatur
401 836 518 908 profert,
530 837 659 895 videlicet
672 838 777 896 llartioi
793 837 879 910 Lipsii
891 837 973 902 1511,
1026 839 1156 911 suspirari
1182 852 1237 912 ert,
1258 846 1372 904 codicem
1386 849 1460 904 illurn
1478 852 1529 908 sili
1547 854 1634 924 lonae
1647 870 1732 925 ratur,
1748 860 1830 915 uirnor

169 925 973 1002 Geireititudinemsaturninianorum,lost,tosa
1026 929 1213 1001 noetianorum,
1237 944 1265 990 ut
1284 954 1341 993 eaor
1355 938 1492 1014 diliqenter
1507 943 1653 1016 inspiceret,
1669 950 1829 1007 collirium-it.

167 1018 317 1078 Notaretur
329 1019 630 1093 reroConstantius,in
646 1024 819 1095 pensatione,
834 1021 974 1081 Gillotiurn
1062 1027 1127 1085 its.
1147 1028 1240 1102 ltaque
1256 1047 1319 1088 cnm
1334 1033 1435 1104 editio,
1457 1053 1521 1109 quae
1537 1040 1626 1097 codici
1642 1042 1763 1101 basilice
1777 1041 1832 1102 Va·

170 1120 274 1173 textum
288 1113 385 1171 llilorii
399 1113 533 1171 illibatum
560 1115 716 1188 reliquisse,
733 1115 881 1173 editionem
892 1129 974 1171 recu·
1026 1119 1129 1178 tieanm
1151 1123 1249 1179 collata
1267 1124 1372 1196 luerat,
1396 1128 1524 1187 exhibeat
1536 1134 1675 1204 oderetur,
1688 1147 1715 1193 et
1729 1137 1831 1195 Bendi-

167 1224 228 1268 sam
248 1223 323 1266 antro
344 1208 413 1267 tito
428 1210 632 1267 mendosiorem
653 1210 738 1282 priori
758 1225 840 1276 esse3
860 1209 975 1266 editioni
1027 1214 1101 1282 nius,
1125 1215 1298 1290 blauriniqoe
1315 1220 1420 1278 uariam
1436 1221 1581 1282 lectionem
1597 1228 1631 1283 ad
1650 1229 1723 1286 bunc
1739 1231 1830 1288 loetum

168 1298 317 1360 Porisiensi
329 1302 400 1361 1605
409 1303 510 1361 deinde
520 1304 643 1376 repetitae
651 1319 708 1375 proc
716 1303 976 1360 multitudinemen·
1028 1321 1083 1362 nen
1096 1309 1289 1380 ascripserint,
1304 1327 1508 1386 consequenter
1525 1321 1672 1378 tenendum
1690 1332 1743 1393 est,
1756 1325 1831 1383 riros

168 1395 268 1454 darum
282 1396 364 1454 lacile
378 1394 573 1454 anteferendas
594 1395 682 1453 rideri
697 1395 877 1453 basileenses.
895 1395 977 1467 sqni-
1027 1398 1185 1471 diligentes,
1199 1405 1296 1475 quales
1309 1404 1489 1466 Constantius
1505 1412 1584 1470 nobis
1595 1414 1737 1486 describit,
1754 1417 1781 1474 in
1796 1434 1831 1476 eo

168 1487 976 1547 demioeditioniParisieosiliiiietlbliiiroeoduminhoc
1026 1490 1122 1548 codice
1149 1496 1288 1566 reperisse
1317 1499 1450 1571 scriptum
1475 1502 1611 1561 roderetur.
1648 1507 1683 1563 lit
1705 1510 1831 1581 quamvis

169 1581 232 1657 ipso
240 1583 303 1641 loco
311 1582 422 1640 inuenio
433 1601 440 1639 :
453 1581 497 1638 lte
507 1584 642 1656 potcstatis
650 1584 763 1656 digniter
770 1600 821 1638 oen
829 1582 976 1636 admittitur
1026 1584 1195 1647 adverterint
1210 1590 1331 1648 litteram
1346 1609 1360 1645 r
1374 1593 1401 1649 io
1418 1594 1479 1652 loeo
1503 1601 1633 1670 ampliori
1658 1617 1739 1660 eraso
1754 1621 1770 1661 a
1786 1621 1831 1664 se·

169 1675 290 1750 (corrige
306 1677 458 1747 amittitur),
473 1677 536 1732 darn
549 1677 635 1733 earnis
645 1675 936 1747 beririlitosedoptntnr.
989 1679 1116 1748 geunda
1130 1686 1212 1738 runnu
1228 1695 1367 1742 exaratam
1384 1688 1468 1746 luisse
1481 1699 1588 1759 ,menen
1600 1693 1627 1751 id
1642 1699 1829 1757 neceesarium

202 1771 269 1827 111.
290 1769 340 1828 llis
363 1781 504 1842 permotus
529 1770 723 1840 Caramallus,
746 1768 892 1826 etduobos
920 1767 974 1824 illis
1026 1786 1082 1828 troo
1104 1774 1242 1833 durernut
1265 1794 1398 1847 monere,
1422 1781 1494 1852 quod
1517 1801 1609 1841 veram
1625 1792 1830 1849 correctionem

168 1861 312 1921 codicibus
327 1860 488 1921 Corbeiensi
507 1873 536 1921 et
550 1863 729 1930 Corrrutensi,
745 1878 814 1935 quos
825 1869 889 1917 ante
904 1859 975 1917 Feli·
1025 1866 1141 1937 alienius
1153 1870 1257 1927 erroris
1272 1872 1430 1942 putaverint
1445 1890 1526 1943 esse,
1544 1886 1574 1933 ut
1584 1880 1668 1934 neutra
1679 1881 1781 1939 suntin
1795 1898 1830 1941 ρο

167 1971 228 2014 cem
244 1965 375 2013 exaratos
389 1956 577 2025 existimabat,
593 1957 620 2012 in
635 1954 757 2012 editione
772 1970 821 2011 sua
834 1955 864 2011 S.
879 1952 974 2009 llilorii
1024 1961 1122 2018 codiee
1134 1964 1174 2020 sic
1186 1974 1323 2021 correcta.
1349 1967 1423 2024 Sane
1433 1967 1623 2041 Constantius,
1638 1975 1684 2046 qui
1699 1977 1726 2031 io
1741 1978 1832 2049 prima

167 2048 290 2120 praetrrlit
303 2048 450 2106 lecllobeill
464 2049 618 2122 utitiplulttr.
636 2048 695 2104 Etsi
707 2057 799 2104 aulem
815 2047 887 2102 idum
902 2044 975 2102 Coll-
1025 2055 1107 2111 etiam
1129 2056 1203 2116 libro
1220 2060 1317 2116 Hilarii
1337 2061 1487 2120 editionem
1500 2063 1585 2121 Mirari
1599 2068 1711 2139 allegem,
1723 2072 1830 2144 aliqua.

166 2142 289 2198 stantius
304 2140 484 2209 indicarerat,
499 2140 660 2198 codieeutS.
673 2138 768 2197 Hilarii
783 2138 889 2195 nullom
904 2139 974 2194 :inti-
1025 2157 1106 2206 neque
1129 2152 1272 2224 neglegens
1293 2154 1383 2212 ,qqpfq
1408 2166 1512 2226 poles„
1538 2160 1611 2230 quod
1634 2178 1693 2218 em„
1707 2163 1741 2220 ,d
1757 2164 1830 2225 hunc

164 2233 974 2308 quoremexstareeadreebasuieevaticariaeroejusoo-
1025 2239 1115 2296 locunt
1131 2243 1247 2299 secundi
1263 2244 1325 2301 libri
1339 2249 1487 2305 consrrlere
1504 2266 1559 2306 non
1574 2255 1722 2312 curareris.
1756 2256 1827 2324 Quid

164 2328 338 2387 dioisrarias
353 2329 661 2388 lectionesllanraadse
674 2329 973 2388 missossnislocisin-
1024 2341 1117 2389 autem
1142 2334 1166 2390 si
1188 2338 1390 2396 consuluissetl
1413 2341 1535 2413 Legisse
1559 2345 1586 2400 in
1606 2361 1636 2401 ea
1656 2352 1827 2408 eontrarium

162 2425 387 2493 urebatunea
398 2425 513 2482 adbunc
524 2427 675 2498 laeuorpro
687 2425 973 2498 seripturaedoptetar
1023 2428 1077 2483 sibi
1091 2428 1206 2486 verbum
1222 2431 1359 2504 adoratur,
1377 2443 1404 2491 et
1421 2451 1484 2492 enrn
1500 2438 1574 2495 inter
1590 2446 1682 2497 varlas
1694 2442 1829 2503 lectiones

162 2517 428 2575 cedicembasitieee
443 2517 935 2590 Vaticanmnenominaritqnidenr.
1024 2520 1112 2578 Roma
1133 2523 1233 2581 missas
1252 2527 1332 2599 110
1351 2528 1452 2584 nullom
1473 2530 1687 2604 discrepantiam
1707 2535 1828 2598 adbune
1896 2533 1904 2547 ’

199 2612 271 2669 ili.
291 2610 469 2683 Germanias,
484 2614 531 2685 qui
545 2628 600 2671 non
613 2614 790 2687 probaverat,
805 2630 819 2668 a
834 2612 971 2670 Constan-
1023 2615 1115 2672 lecum
1139 2626 1283 2686 notasset,
1299 2621 1467 2680 concludere
1486 2623 1649 2693 debuisset,
1676 2629 1706 2687 in
1731 2631 1828 2691 codiee

162 2706 206 2763 tio
236 2709 375 2779 poetaram
402 2709 488 2766 luisse
513 2710 678 2783 scripturam
701 2709 853 2781 adoptatur.
869 2717 973 2771 ¹certus
1024 2705 1148 2764 basilicae
1162 2709 1304 2767 vaticanae
1320 2710 1374 2785 legi
1386 2717 1526 2771 edendae.

161 2797 230 2857 fleri
253 2800 350 2869 soluit,
372 2815 500 2871 qomrranr
513 2799 596 2858 lectio
609 2809 732 2857 exstaret
746 2799 772 2856 in
788 2798 886 2856 codice
900 2797 973 2855 basi·
1059 2802 1124 2860 116.
1145 2803 1199 2860 Sed
1215 2808 1301 2863 multo
1314 2817 1379 2864 ante
1393 2810 1464 2866 idem
1479 2809 1592 2868 rerbunr
1603 2813 1730 2871 adordnr
1746 2816 1773 2873 in
1793 2833 1828 2875 eo

160 2889 973 2965 lieaelatieanm,atqucitapriurosipseedoetusalel·
1023 2894 1119 2953 codice
1141 2897 1300 2966 exstitisse,
1330 2899 1506 2957 menifestum
1539 2912 1583 2960 cst
1604 2921 1637 2962 et
1665 2907 1825 2975 collatione,

161 2983 269 3053 lierio,
286 2986 491 3058 corruptionem
505 2987 566 3059 ejus
579 2986 683 3045 codicis
694 2987 855 3058 erulgarit,
877 2987 903 3044 in
918 3001 972 3056 quo
1023 3003 1104 3061 quam
1116 2987 1343 3061 diligentissimus
1359 2993 1523 3050 rirbatinus
1539 2996 1663 3053 Latinius
1678 3010 1826 3057 exsecutus

162 3093 244 3134 nunc
265 3078 365 3152 legitur
383 3081 523 3148 moratur,
546 3081 595 3138 sed
609 3090 702 3149 antea,
715 3089 745 3136 ut
758 3081 879 3145 ridetur,
897 3080 970 3153 lege·
984 3088 1008 3153 c
1023 3093 1076 3142 cst.
1096 3084 1213 3143 Exstant
1229 3086 1289 3159 ejus
1310 3088 1393 3145 varim
1405 3087 1551 3156 lectiones,
1571 3102 1598 3147 et
1611 3093 1829 3152 animadrereie·

160 3168 249 3226 batur
263 3170 416 3242 adoptotm.
447 3172 488 3229 lix
508 3189 564 3244 quo
586 3174 666 3244 plane
690 3174 845 3246 colligitur,
864 3174 969 3230 oullttm
1023 3197 1074 3238 nes
1095 3179 1123 3238 io
1145 3182 1175 3239 S·
1197 3182 1341 3248 llilariunr,
1355 3184 1487 3242 editionis
1506 3184 1672 3244 Parisiensis
1690 3189 1742 3246 snb
1758 3189 1824 3247 Sole

160 3278 230 3321 csse
242 3263 335 3321 locum
347 3265 508 3337 suspicandi
518 3263 643 3325 fraudem
658 3267 741 3355 ullam
756 3277 803 3324 aut
816 3268 844 3325 io
854 3266 970 3325 Germe-
1021 3290 1107 3333 aureo
1121 3276 1213 3342 titt,
1228 3293 1290 3349 quae
1311 3286 1355 3334 est
1376 3278 1462 3335 editio
1479 3278 1608 3337 ludovici
1624 3281 1724 3348 bliraei,
1739 3283 1766 3338 io
1781 3283 1827 3339 Ri-

159 3356 233 3426 ttio,
250 3365 298 3413 aul
309 3357 337 3414 itt
351 3357 492 3416 Telllctio.
510 3358 595 3416 Nemo
605 3358 640 3418 de
651 3360 767 3418 lectione
777 3360 860 3433 hujus
867 3360 970 3418 codicis
1021 3369 1158 3428 bliotheea
1170 3370 1232 3441 ejus
1245 3386 1324 3428 saera
1341 3381 1369 3428 et
1383 3372 1511 3442 profano,
1527 3387 1590 3446 pag.
1602 3374 1638 3431 38
1648 3391 1728 3449 seqq.
1742 3375 1826 3433 luilio

160 3451 282 3509 veroum
308 3452 393 3510 ortum
416 3454 444 3511 in
468 3453 733 3512 haccontrouersia
758 3453 883 3524 reserat,
906 3469 968 3511 cum
1021 3463 1307 3522 escensionem:
1323 3463 1440 3522 orexin
1455 3465 1674 3533 tenebricosos,
1689 3467 1826 3542 cetoque

158 3544 334 3602 Germanias
351 3555 424 3618 part.
441 3562 471 3615 ιι,
488 3561 515 3604 o.
530 3546 547 3603 li
561 3547 595 3604 de
610 3545 679 3604 Cod.
693 3557 816 3618 corrupt.
838 3547 967 3618 scripsit:
1021 3556 1110 3611 codiee
1124 3554 1240 3612 basiliere
1259 3557 1292 3612 S.
1309 3555 1383 3612 Petri
1398 3558 1471 3613 rniree
1485 3558 1633 3622 eetrrrtatis,
1650 3559 1745 3616 litteris
1759 3579 1825 3632 perte

164 3639 240 3707 Quia
264 3649 350 3697 umen
367 3641 460 3713 religio
481 3650 517 3698 est
532 3641 749 3713 nibiqaidqann
762 3643 967 3714 praetermittere,
1020 3648 1175 3722 majusculis
1198 3650 1315 3722 scripto,
1339 3650 1426 3705 uarius
1452 3650 1591 3719 lectiones,
1616 3666 1676 3722 quoe
1699 3661 1824 3708 notantur

161 3734 238 3807 qaod
248 3734 284 3789 ad
291 3737 422 3791 ueritatem
428 3736 734 3810 elucidarrdaoeeonferre
743 3736 835 3809 parsit,
853 3752 904 3791 nan
913 3735 969 3790 dir·
1019 3750 1082 3796 neta
1096 3739 1130 3797 Ρ.
1142 3738 1183 3797 De
1195 3739 1322 3796 Trinitnte
1335 3741 1402 3797 liber
1414 3744 1527 3813 priores,
1541 3751 1595 3799 ete.
1612 3745 1733 3800 bnootat
1744 3761 1826 3803 acco-

160 3828 299 3883 rinruluio
312 3843 378 3896 reor,
391 3845 450 3899 quar
461 3829 562 3886 ridetur
576 3829 862 3897 teruissedenrtenein,
878 3845 969 3902 nerope
1019 3834 1159 3890 ratissimo
1183 3832 1307 3891 Latinius
1331 3834 1422 3891 ronias
1445 3834 1579 3891 lectiones
1594 3834 1629 3891 ad
1643 3835 1677 3892 11
1688 3836 1774 3894 libros
1788 3838 1824 3897 de

158 3920 965 3997 ineocodiceprioriturrcriptuotluirre118tnorroroe:
1019 3923 1176 3992 Trinitate,
1192 3924 1226 3981 nd
1242 3924 1342 3981 librum
1361 3934 1459 3982 contra
1474 3924 1687 3996 Constantium,
1704 3928 1738 3985 ad
1754 3929 1824 3986 dores

155 4015 201 4071 ire
216 4017 287 4071 enirn
302 4018 390 4091 aoeepi
402 4017 435 4073 ai
450 4017 624 4074 auditimroo
634 4018 711 4088 eina,
726 4019 771 4089 qui
786 4010 968 4072 libramilluor
1020 4017 1107 4076 libres
1130 4017 1163 4075 nd
1183 4015 1391 4087 Constantium,
1416 4018 1450 4075 ad
1470 4017 1570 4075 librum
1592 4029 1689 4076 contra
1702 4021 1825 4078 Ariarrrrs

155 4118 263 4183 roqatu
278 4125 335 4166 rnee
346 4111 486 4184 diliqenter
499 4111 624 4183 inspexit.
1018 4112 1064 4169 rel
1086 4111 1271 4181 Auxentium,
1297 4111 1331 4167 ad
1345 4111 1491 4183 epistolem
1505 4110 1654 4177 auxentii,
1674 4112 1706 4168 ad
1723 4112 1822 4170 librum

196 4201 267 4259 itt.
288 4206 347 4278 Age
365 4219 448 4274 rere,
471 4204 596 4277 apertius
616 4203 669 4263 ltac
684 4205 775 4278 ipsum
795 4205 967 4262 demonstre-
1020 4204 1055 4261 de
1066 4203 1202 4276 synodis:
1217 4212 1247 4260 et
1261 4203 1288 4259 io
1305 4202 1358 4259 lroe
1372 4202 1443 4259 libro
1455 4202 1489 4259 ad
1506 4203 1607 4270 rerba,
1627 4204 1694 4259 l'ere
1706 4203 1823 4278 Spiritus

155 4313 239 4355 mos.
256 4297 437 4356 Constantius
452 4298 487 4355 ad
501 4314 579 4356 suam
590 4299 688 4356 llilarii
700 4298 852 4358 editionem
871 4299 907 4356 de
921 4313 969 4356 co-
1019 4297 1113 4368 saneti,
1123 4294 1215 4369 bisque
1224 4296 1372 4352 aaronitae
1383 4311 1435 4350 non
1448 4295 1613 4368 sinpliciter,
1625 4296 1736 4368 subjicit
1747 4297 1822 4355 illico

152 4394 228 4452 dice
251 4393 374 4452 basium
402 4392 542 4451 Vaticana
568 4394 595 4450 io
621 4394 698 4467 petel.
725 4409 753 4449 n.
772 4393 791 4449 1
809 4392 965 4451 sicbabet:
1021 4392 1074 4448 boo
1094 4389 1250 4447 monitum:
1267 4387 1403 4445 Hactenus
1419 4388 1493 4445 babet
1508 4388 1641 4461 exemplar
1657 4389 1820 4447 basilicos.

152 4485 268 4543 Nullus
278 4487 424 4543 desiderari
437 4504 513 4559 parre
523 4485 625 4544 uiduus
639 4487 783 4560 miquior,
795 4503 874 4561 quern
887 4486 932 4559 qui
940 4486 967 4541 in
980 4492 1008 4553 1)
1021 4484 1106 4553 Petri,
1120 4484 1148 4538 in
1161 4499 1212 4554 quo
1225 4482 1328 4555 aliquot
1343 4480 1538 4552 quinterniones
1549 4481 1652 4535 derunt.

150 4576 274 4633 orebiee
293 4577 429 4634 Vaticano
445 4578 797 4638 buriniacimonte...
813 4578 907 4636 Sadin
921 4594 969 4635 orr-
1057 4576 1122 4631 tlt.
1144 4574 1179 4632 Ut
1202 4583 1294 4631 autern
1317 4574 1493 4646 perspicuam
1521 4574 1559 4630 sit
1581 4585 1682 4646 quanta
1704 4589 1771 4633 eura
1797 4585 1825 4634 et

149 4671 240 4744 tique
250 4671 340 4727 codiee
356 4687 408 4728 non
423 4670 572 4743 rimandum
583 4680 621 4727 est
635 4672 729 4728 menda
740 4688 795 4728 esre
809 4673 927 4744 unoquo.
939 4712 947 4729 .
960 4712 967 4727 .
1020 4672 1161 4744 diligentia
1174 4667 1299 4726 Latinius
1311 4669 1338 4725 ln
1349 4668 1447 4725 codice
1459 4666 1656 4739 expendendo,
1673 4676 1702 4726 cl
1717 4669 1824 4729 Hilario

148 4763 234 4821 liam
255 4764 287 4818 ab
305 4779 360 4819 rere
372 4763 471 4821 redirit
488 4766 569 4839 injur
582 4766 733 4837 antiquitati
746 4766 813 4821 nibil
825 4766 970 4823 incoorulte
1020 4763 1198 4833 illustrando,
1214 4769 1341 4820 versatos
1364 4762 1458 4829 luerit,
1475 4775 1578 4833 paucas
1589 4761 1720 4832 eiuseum
1734 4764 1827 4822 rarius

147 4856 322 4924 tribuimur,
338 4873 369 4912 ee
383 4866 485 4914 tanturn
498 4860 522 4913 ei
540 4875 662 4915 eoneerra
675 4859 857 4927 renaotione,
876 4870 905 4914 ut
918 4859 970 4914 lec·
1021 4859 1176 4926 lectiones,
1199 4865 1257 4914 tum
1272 4856 1446 4927 conjecturas
1464 4857 1612 4913 aonombo.
1633 4856 1693 4915 Lib.
1709 4876 1727 4926 ι,
1746 4876 1821 4917 num.

146 4954 250 5009 rienes
262 4966 348 5008 eroes
360 4966 464 5018 enses,
480 4953 614 5023 inquibus
627 4951 908 5025 eceterirdirerepot,
926 4952 968 5007 di·
1021 4953 1081 5010 sire
1095 4967 1156 5025 cap.
1175 4952 1188 5008 l
1206 4951 1239 5008 de
1253 4950 1355 5009 Trinit.
1374 4951 1400 5007 in
1412 4949 1535 5007 editione
1546 4950 1652 5007 utoni:
1668 4952 1745 5018 Quod
1758 4954 1824 5007 alte·

145 5045 279 5118 tinente
291 5056 490 5102 annotaremus.
511 5045 570 5102 llus
584 5064 601 5103 e
615 5044 856 5120 doonrre'Beptiato
868 5044 970 5102 Boedi-
1021 5062 1082 5101 runt
1102 5047 1158 5100 siue
1179 5044 1285 5114 altero,
1306 5044 1332 5100 itt
1354 5043 1450 5101 codiee
1466 5043 1587 5101 basiliere
1602 5043 1740 5101 Vaticanus
1753 5044 1823 5115 qnod

145 5139 226 5205 nio,
247 5135 382 5195 ranem
401 5139 669 5208 iorilieteeonooieo,
684 5156 743 5196 cunr
761 5157 855 5197 nonam
868 5139 969 5196 llilerii
1023 5140 1099 5197 aliud
1112 5140 1168 5196 sine
1179 5140 1272 5197 abero.
1298 5139 1345 5196 Sic
1359 5139 1426 5212 legit
1444 5139 1641 5208 marantius,
1656 5139 1706 5195 sed
1722 5138 1823 5196 nullam

143 5233 309 5290 editionem
320 5233 566 5302 meareteodectes
580 5233 653 5289 nobie
669 5234 861 5305 descripserunt
875 5234 970 5306 fratrer
1023 5233 1239 5306 discrepantiam
1265 5233 1411 5305 scripturae
1440 5231 1584 5289 obserrot.
1608 5228 1680 5286 lbid.
1704 5230 1731 5286 in
1755 5229 1824 5289 edit.

143 5322 602 5396 nouriqrrillootoeerrontenet
611 5326 826 5398 nemrullaepera
836 5343 916 5401 perse
926 5343 970 5382 ae·
1023 5328 1085 5385 llir.
1098 5345 1106 5383 r
1120 5326 1223 5401 pabulis
1239 5327 1299 5383 itera
1312 5325 1485 5399 topandium
1499 5325 1527 5381 in
1540 5323 1605 5381 eod.
1618 5322 1699 5379 basil.
1715 5321 1824 5382 latice

142 5426 485 5491 curatorecoqnorcenter,
495 5420 902 5493 tamntiCenooieititiqenrien
912 5438 971 5492 pro·
1025 5419 1121 5493 pabula
1136 5420 1194 5476 lete
1206 5418 1372 5493 regentibus.
1383 5416 1565 5475 Constantius
1578 5414 1681 5485 pobelir
1697 5416 1757 5472 loto
1767 5435 1827 5474 ene·

144 5516 305 5572 immet.
322 5511 351 5568 ln
364 5513 492 5570 mundis
508 5512 642 5571 liindiciis
656 5513 727 5570 idem
741 5512 920 5571 Constantius
931 5512 972 5570 sic
1025 5512 1157 5589 pentibus,
1173 5520 1202 5568 et
1212 5513 1303 5569 selum
1322 5519 1400 5567 notat
1413 5525 1447 5566 ex
1461 5523 1528 5564 mss.
1542 5506 1707 5565 colbertino
1717 5518 1746 5565 et
1758 5507 1829 5568 Ger·

144 5606 258 5669 rclcrt
276 5613 346 5675 part.
363 5621 444 5675 ur,e.
460 5608 488 5675 ὅ,
502 5607 649 5665 decadem
663 5607 900 5681 codicelaquensr
917 5606 972 5665 Sed
1027 5607 1152 5664 monensi
1168 5604 1318 5662 recentibus
1338 5619 1387 5677 pro
1407 5601 1585 5674 eoeqarrtilur.
1606 5599 1675 5658 lbid.
1698 5602 1782 5672 ilie,
1799 5619 1832 5661 ee

144 5703 189 5761 de
201 5702 273 5759 loco
283 5715 350 5758 nure
359 5710 525 5757 ιιιιιιοιιιιο
538 5718 586 5758 nor
601 5701 677 5758 silere
688 5700 826 5774 benefidae
835 5699 972 5776 cootpslit,
1029 5701 1141 5774 ριιιιιίι,
1165 5699 1229 5759 eod.
1252 5699 1311 5756 bae.
1332 5697 1403 5767 iat,
1423 5712 1455 5753 eo
1474 5704 1564 5768 porte.
1594 5692 1774 5754 Constantius
1797 5712 1830 5751 aa

361 5793 497 5857 Parnes.
524 5793 614 5856 xlx.
1646 5787 1687 5848 l'l
