4150 6167
188 306 245 367 titt
679 313 727 371 ab
744 299 998 373 revectionem
1015 307 1223 378 cuattttttttt
1241 312 1355 373 licito.
1716 316 1723 389 Ι
1794 317 1848 379 tls

190 428 268 500 qnasi
287 427 398 500 punctis
417 429 579 501 quibusdam
595 432 749 491 acuminata
773 432 890 504 signavi.
906 430 938 490 st
952 430 993 488 la·-
1004 433 1032 495 A
1045 438 1074 488 et
1095 429 1249 502 legionibus
1262 430 1406 490 iamiliaris
1416 431 1582 490 humanitas.
1593 431 1648 491 Sed
1660 445 1711 505 ego
1722 432 1786 490 nolo
1798 432 1848 489 be·

188 521 290 578 cundia
311 522 526 593 provoluntate
550 532 719 596 suppeteret,
742 539 908 597 quamquam
935 537 991 580 non
1044 524 1229 581 nevolentiam
1256 536 1331 582 tuam
1360 526 1474 584 aliorum
1498 526 1646 585 collatione
1669 526 1841 599 praecellere.

189 614 320 685 copiosus
335 628 504 688 exsequerer
521 617 675 675 ubertatem
694 617 768 691 stylo
782 632 875 676 rerum
889 616 994 688 magni·
1042 605 1227 672 abnndantia
1245 626 1272 674 te
1284 632 1317 673 ea
1333 617 1462 676 bonitatis
1477 626 1505 675 et
1513 619 1625 675 virtutis
1636 618 1844 690 exemplaque

189 707 286 765 tudine
308 717 491 781 suggerente:
508 709 557 767 scd
576 724 629 767 uec
651 710 731 782 buius
752 708 820 777 dlel,
840 724 892 768 ιιι
909 708 992 782 liuius
1042 708 1120 780 sequi
1135 709 1227 780 cupiat
1240 717 1356 767 ventura
1371 711 1539 783 posteritas,
1557 719 1586 766 et
1599 711 1622 766 sl
1639 724 1731 766 rerum
1747 718 1843 766 natura

189 800 242 859 ιιιι
257 802 390 858 maenae.
406 801 460 871 Qui
480 801 581 859 dicturi
595 804 662 862 estis
675 802 773 862 laudes
788 802 919 876 principis
941 817 992 860 no·
1028 810 1193 873 pateretur,
1205 803 1305 859 ascribi
1319 803 1371 860 sibi
1388 803 1521 861 voluisset
1542 803 1700 876 antiquitas.
1723 803 1842 861 Necesse

188 895 251 963 stri,
267 894 376 950 habetis
390 896 465 953 velut
478 896 667 964 seminarium,
684 896 757 954 unde
770 896 925 954 orationum
940 910 991 953 ve·
1040 903 1083 951 est
1097 903 1187 953 tamen
1201 897 1303 968 aliquid
1318 898 1528 972 compararint
1542 899 1631 970 possit
1642 898 1757 971 intelligi
1769 898 1842 956 bona

187 995 309 1054 stratum
323 985 420 1058 iugera
434 986 606 1059 compleatis.
623 988 682 1062 ligo
698 988 753 1045 ista
767 989 926 1059 perstrinxi.
942 990 990 1044 tt·
1040 997 1136 1044 nostra
1157 1004 1213 1059 quo
1234 998 1377 1060 prestent.
1392 989 1569 1061 AEgrotantes
1587 990 1692 1048 amieos
1706 990 1843 1061 Traianus

187 1093 254 1151 que,
271 1088 301 1135 ut
314 1078 405 1136 sciunt
427 1094 535 1149 omnes,
551 1095 663 1154 possum
676 1080 763 1139 rideri
777 1080 922 1138 lamlliaris
935 1095 988 1140 no·
1028 1081 1131 1140 ‘visere
1144 1082 1262 1148 solebat,
1286 1082 1419 1140 hactenus
1431 1083 1460 1140 in
1472 1097 1506 1141 eo
1526 1084 1645 1142 comitas
1665 1083 1838 1155 praedicanda

187 1171 257 1228 titiae
276 1179 403 1231 secretus
414 1173 564 1246 interpres,
580 1174 733 1234 domestica
748 1174 846 1233 isthec
862 1190 916 1233 non
932 1183 986 1231 tam
1039 1184 1093 1231 est.
1109 1174 1149 1230 'lu
1162 1182 1190 1230 et
1204 1175 1295 1232 visere
1307 1175 1423 1245 solitus,
1436 1185 1464 1234 et
1482 1177 1610 1235 mederi:
1631 1178 1739 1250 praebes
1760 1179 1841 1234 mini·

186 1264 348 1335 praedicare,
363 1280 445 1337 quant
461 1268 691 1342 proderetque
706 1277 736 1326 ut
749 1269 801 1326 ista
813 1267 871 1325 dixi
884 1268 920 1325 de
940 1283 988 1326 co·
1038 1276 1123 1334 utros,
1139 1267 1252 1325 instruis
1266 1268 1355 1339 cibos,
1370 1269 1490 1326 lomento
1512 1269 1675 1343 dispensus,
1700 1279 1839 1342 sumptum

184 1358 269 1430 gnitis
283 1359 351 1415 mibi
367 1368 451 1433 atque
466 1360 541 1418 intra
556 1361 648 1419 aulam
668 1361 859 1431 tantitartbus,
877 1377 986 1434 possem
1038 1360 1135 1433 adjicis
1149 1361 1330 1429 medelarum,
1346 1362 1497 1420 consolaris
1512 1362 1645 1432 allectos,
1665 1362 1840 1419 revalescen-

184 1462 214 1510 et
226 1450 295 1509 loris
313 1452 451 1511 celebrata
471 1469 639 1523 memorare,
660 1454 714 1512 nisi
729 1455 821 1512 omnia
845 1470 941 1512 omnes
958 1462 987 1512 et
1038 1453 1111 1510 tibus
1126 1453 1283 1523 gratularis.
1296 1452 1325 1509 ln
1339 1463 1406 1525 quot
1420 1453 1480 1509 vias
1494 1452 1839 1525 deunaeiushumauitate

183 1549 336 1620 separatim
349 1539 409 1607 ¹sibi
433 1550 550 1622 quisque
564 1551 697 1607 novisset.
713 1550 825 1607 Possem
846 1550 906 1621 pari
921 1549 986 1606 bre·
1037 1544 1233 1620 progrederis?
1245 1545 1410 1618 Legionibus
1424 1547 1582 1616 universis,
1605 1556 1636 1604 ut
1657 1547 1684 1604 iu
1700 1548 1839 1603 communi

183 1641 269 1698 ritate
301 1640 394 1698 dicere
423 1642 577 1713 superiora.
607 1640 829 1699 Emendatissimi
857 1639 911 1697 viri
943 1649 986 1697 est
1035 1640 1123 1696 llarte
1136 1639 1238 1706 creuit,
1255 1640 1278 1696 si
1294 1638 1358 1712 quid
1371 1638 1480 1697 adversi
1495 1639 1653 1707 acciderat,
1674 1639 1769 1696 vidite
1783 1640 1838 1696 eir·

158 1791 163 1798 g
184 1732 304 1805 pigenda
330 1748 384 1789 non
413 1734 513 1795 lacere.
541 1734 577 1790 At
599 1741 629 1792 tu
652 1748 803 1804 numquam
826 1731 984 1805 poenitenda
1033 1731 1138 1788 cumire
1153 1731 1287 1800 tentoria,
1302 1732 1461 1789 satin’salue
1475 1747 1621 1805 querere,
1643 1741 1763 1789 tractare
1775 1732 1837 1788 rut·

181 1825 291 1897 iecisti,
314 1837 342 1884 ιι
361 1841 470 1898 semper
496 1828 604 1884 veniam
630 1826 823 1900 penitentibus
847 1825 981 1883 obtulisti.
998 1816 1101 1878 Bnera
1117 1823 1285 1891 sauciorum,
1298 1834 1326 1881 ιι
1341 1832 1370 1879 ιιι
1381 1823 1533 1882 satuttterue
1557 1833 1760 1896 apponerentur
1778 1839 1837 1880 me·

181 1918 330 1976 Pulchrum
355 1928 398 1976 est
421 1919 565 1993 indulgere
588 1919 758 1978 timentibus.
788 1919 842 1977 Sed
867 1929 894 1976 tu
919 1935 984 1992 pcr-
1033 1913 1116 1982 delae,
1130 1924 1212 1986 atque
1226 1923 1257 1972 ut
1271 1931 1325 1971 ιιι
1340 1923 1507 1982 cessaretur,
1524 1915 1637 1972 instare.
1663 1913 1727 1971 llidi
1748 1927 1836 1986 quus·

180 2020 271 2081 petuas
304 2010 434 2068 bonitatis
464 2011 561 2069 edictis
592 2013 733 2069 occurristi
763 2010 911 2077 orantibus,
946 2026 982 2069 ns
1032 2003 1096 2061 dant
1105 2004 1399 2076 fastidientesoibum,
1410 2004 1664 2072 recommendant»,
1673 2005 1834 2075 sumpsisse.

182 2103 319 2161 timerent.
348 2102 520 2175 llagnillcum
548 2104 640 2176 largiri
666 2104 797 2161 bonores.
821 2103 863 2160 'lu
894 2104 980 2162 bono·
1031 2096 1130 2156 Auditi
1146 2099 1337 2158 coniirmantia
1347 2099 1505 2157 adsalutem
1520 2098 1837 2172 uerbaprolariwccur·

179 2202 256 2251 ratos
281 2204 308 2250 et
335 2194 498 2252 liberalitate
521 2194 626 2251 ditasti.
654 2194 801 2251 laudabile
825 2203 868 2250 est
894 2196 981 2266 impe·
1031 2189 1247 2248 teredeslderlis
1259 2191 1531 2263 singulorum3ltujus
1541 2192 1664 2250 sarcinas
1675 2192 1757 2248 mulis
1766 2192 1836 2248 auli·

178 2295 300 2344 retorem
327 2288 423 2344 iaeiies
451 2287 691 2359 interpellantibus
715 2285 840 2358 praebere
865 2288 977 2360 aditus,
1029 2284 1835 2359 clsveltere;bisspeoialiajumeniapreberexiliisministe·

140 2428 144 2433 ,
178 2394 230 2436 nec
253 2377 290 2437 dc
313 2379 495 2451 occupatione
519 2380 640 2438 causari.
663 2383 705 2440 'lu
730 2379 878 2440 eonllrmas
903 2380 979 2439 adire
1029 2376 1070 2432 ria
1096 2376 1267 2447 perditorum
1290 2378 1447 2436 instaurare
1470 2379 1607 2445 lixarum;
1631 2379 1750 2436 aliorum
1770 2394 1834 2452 ege·

175 2479 349 2543 cunctantes,
374 2473 458 2530 etiam
482 2475 661 2546 querimoniis
684 2478 837 2548 explicatis,
862 2475 979 2548 nequid
1028 2477 1128 2526 alaiettt
1148 2470 1268 2529 tolerare
1288 2481 1414 2550 sumplut
1441 2472 1539 2529 ltorttm
1566 2472 1719 2530 nudiluiettt
1739 2475 1834 2532 velate
1906 2497 1911 2505 ·

175 2561 268 2620 adime
291 2564 422 2634 sileatur,
446 2566 610 2639 interstrepas,
637 2568 754 2627 ggqugg
774 2569 827 2626 luit
848 2570 902 2626 ‘stit
918 2570 980 2627 cg.
1029 2562 1147 2629 vestitu;
1170 2563 1261 2620 omnia
1285 2579 1369 2637 agere
1383 2564 1520 2623 indelessa
1540 2575 1567 2622 et
1583 2566 1714 2638 benigne,
1729 2565 1833 2638 pietate

173 2656 377 2727 carismatum,
395 2659 549 2726 perdidisse
560 2661 694 2732 sediein,
707 2677 762 2733 quo
776 2663 843 2720 rrilnil
858 2663 923 2720 boni
939 2662 978 2720 ie·
1028 2656 1160 2726 maxima,
1177 2642 1364 2716 ostentatione
1379 2658 1469 2726 nullst
1486 2659 1579 2715 omnia
1597 2658 1721 2729 praebere
1735 2660 1831 2732 agris,

174 2757 261 2805 cerat.
286 2748 341 2807 Sed
361 2751 472 2808 celebre
499 2752 559 2822 tuit,
575 2754 638 2825 qnia
655 2754 816 2827 Vespasiani
831 2771 978 2815 successor
1017 2745 1096 2803 ,nibil
1112 2747 1282 2819 exprobrare
1294 2749 1409 2808 sanatis.
1428 2749 1494 2807 lude
1509 2751 1617 2808 eunctis
1630 2750 1720 2807 salute
1738 2760 1832 2808 nostra

173 2839 294 2910 dixerat,
320 2843 399 2914 cujus
413 2845 496 2900 rtirnia
521 2827 705 2918 parcimonia,
727 2856 757 2905 et
770 2852 916 2907 austeritas
931 2852 977 2908 vir
1028 2843 1232 2903 chariorlactus
1244 2847 1378 2915 meruisti,
1393 2846 1550 2904 utbaberes
1563 2847 1668 2903 amicos
1682 2847 1832 2913 obnoxios,

172 2929 290 2990 levanda
306 2934 403 2991 miram
427 2935 531 2994 lecerat
549 2938 598 2995 lilii
622 2939 775 2998 lenitatem.
797 2942 838 3000 'lu
853 2943 977 3001 Valenti·
1024 2947 1189 3011 promptos,
1206 2941 1340 3010 devotos,
1357 2940 1454 2998 lldeles
1466 2940 1493 2996 in
1510 2955 1600 2997 aerum
1620 2955 1700 2996 omne
1722 2956 1832 2997 mansu·

172 3023 257 3083 niano
268 3028 389 3098 genitus,
407 3029 486 3100 cuius
499 3030 555 3087 alta
570 3031 690 3102 bonitas,
711 3051 833 3107 praesens
847 3039 974 3107 comitas,
1026 3049 1073 3092 ros
1088 3052 1096 3089 t
1112 3034 1207 3105 quales
1221 3034 1344 3091 ebaritas
1359 3034 1451 3106 potius
1467 3047 1548 3104 quam
1562 3030 1673 3089 lortunu
1688 3032 1827 3088 conciliat.

173 3127 327 3190 temperata
338 3122 472 3180 severitas
486 3122 548 3189 luit,
562 3134 676 3196 partoet
688 3129 800 3187 condito
811 3131 913 3203 optime
924 3134 977 3191 rei·
1024 3124 1194 3184 Concludam
1209 3127 1339 3198 difficili
1349 3126 1504 3184 0¹³¹i⁰¹¹0ffl
1515 3140 1617 3193 meam,
1632 3125 1753 3198 lffi⁸⁸lme
1765 3117 1831 3180 ad-

172 3209 293 3281 publicau
305 3220 389 3284 statu,
417 3214 549 3288 intelligis
564 3227 687 3289 possete
707 3235 769 3278 esse
790 3201 1013 3302 lenissimum,C
1027 3231 1126 3296 guste,
1145 3221 1283 3281 sermonis
1307 3220 1394 3294 magis
1414 3221 1468 3277 ilne
1485 3233 1568 3292 quam
1586 3219 1690 3292 gratie.
1709 3218 1832 3289 Namque

172 3299 234 3359 siue
246 3301 391 3374 dispendio
402 3304 568 3378 disciptinae.
581 3307 676 3382 Neque
690 3327 756 3370 vero
769 3330 851 3370 unum
863 3316 974 3388 aliquod
1024 3314 1072 3371 illa
1085 3324 1216 3386 perpetua
1230 3322 1283 3381 est,
1300 3320 1329 3370 et
1347 3311 1438 3384 spatio
1452 3325 1506 3367 non
1521 3308 1720 3381 transmeabili,
1736 3309 1832 3367 termi-

171 3391 277 3450 ltonum
291 3410 345 3452 uno
366 3396 414 3455 die
428 3409 553 3470 prestas,
568 3402 617 3458 sed
633 3401 814 3475 indulgentias
827 3409 974 3466 saeculares
1024 3424 1090 3463 nunt
1103 3408 1187 3464 caleis
1203 3409 1321 3477 ignorat.
1333 3404 1419 3461 Fleant
1435 3415 1528 3460 tamen
1542 3417 1628 3473 parto
1642 3415 1717 3458 neca
1730 3411 1757 3458 ιι
1768 3416 1832 3471 ιιι·

171 3501 225 3559 per
239 3488 344 3560 singula
360 3490 488 3548 lnorarutn
502 3503 640 3551 momenta
655 3497 890 3565 multiplicusllel
907 3499 973 3556 illud
1020 3498 1070 3574 cul
1085 3507 1230 3553 convertar
1249 3495 1282 3550 ad
1299 3495 1404 3551 Deum:
1421 3493 1538 3550 AEterne
1558 3493 1680 3547 omnium
1703 3492 1831 3563 genitor,

171 3594 257 3637 uuum
271 3582 424 3653 eujusmodi
438 3594 492 3653 est,
507 3585 542 3643 de
554 3587 718 3646 condonatis
731 3590 847 3650 residuis
859 3592 974 3650 tributo·
1024 3589 1085 3660 ipse
1099 3602 1155 3644 uon
1171 3587 1263 3659 genite
1286 3586 1390 3656 opilea,
1409 3594 1438 3641 et
1451 3599 1534 3641 causa
1552 3583 1668 3649 mundi,
1694 3583 1830 3654 principio

170 3686 234 3729 rum
248 3673 261 3729 i
273 3673 352 3741 Quod
367 3683 395 3731 itt
410 3691 491 3748 quarn
507 3680 644 3737 cumulata
658 3682 779 3739 bonitate
788 3683 893 3741 iecisti?
905 3684 973 3751 Quis
1006 3729 1010 3734 .
1023 3679 1181 3751 antiquior,
1200 3678 1255 3735 ιιι
1270 3676 1441 3748 diuturnior,
1459 3675 1505 3747 qui
1521 3675 1623 3746 templa
1647 3673 1698 3730 tibi
1718 3682 1747 3731 et
1764 3689 1829 3729 aras

168 3780 301 3837 umquam
317 3767 515 3839 imperatorum
538 3772 590 3830 boe
605 3776 752 3844 prouinciis
766 3779 823 3833 suis
845 3787 892 3833 ιιι
906 3776 974 3834 ube·
1023 3777 1213 3851 penetralibus
1240 3776 1408 3832 initiatorum
1438 3773 1579 3832 mentibus
1606 3770 1772 3839 condidisti,
1799 3780 1829 3827 tu

169 3856 426 3932 riorcinduigentia
439 3864 526 3932 dedit,
542 3875 590 3922 aut
603 3868 722 3926 certiore
744 3870 892 3926 securitate
907 3884 972 3941 pru·
1023 3871 1154 3929 Gratiano
1173 3871 1353 3927 ltumanarum
1369 3883 1461 3925 rerum
1478 3867 1609 3933 domino,
1627 3864 1762 3935 eiusmodi
1781 3878 1828 3921 se·

168 3950 273 4019 spexit,
296 3957 345 4007 ιιι
360 3954 501 4022 prudentia
518 3957 689 4015 consultiore
711 3960 843 4017 munivit?
858 3960 973 4018 licuerat
1023 3966 1098 4024 mina
1125 3965 1213 4021 nostri
1234 3963 1339 4020 amoris
1365 3961 1486 4030 inolesti,
1516 3969 1547 4016 ut
1568 3958 1639 4017 niltil
1659 3957 1686 4014 in
1701 3957 1828 4031 digressu

168 4050 201 4099 ιι
213 4040 350 4113 Traianus
363 4045 438 4113 olim,
452 4048 501 4104 sed
513 4050 636 4119 partibus
649 4053 776 4125 retentis,
789 4068 845 4133 non
856 4054 972 4112 babebat
1023 4058 1134 4131 segnior
1147 4057 1253 4125 lactus,
1268 4054 1439 4112 meminisset
1450 4065 1478 4111 et
1488 4053 1597 4120 relicti,
1612 4052 1763 4109 illustraret
1776 4050 1812 4105 ab

169 4144 276 4194 tantan
290 4138 501 4199 oblectationem
516 4145 641 4201 concessi
656 4146 740 4203 debiti
756 4148 857 4217 portio,
869 4161 971 4220 quanta
1022 4160 1141 4218 sentem,
1158 4148 1339 4220 praesentiibus
1353 4145 1514 4204 anteferret.
1531 4145 1601 4201 Dein
1613 4144 1677 4217 quia
1691 4146 1829 4202 interesse

167 4231 283 4288 suberat
294 4234 449 4292 amaritudo
469 4237 582 4293 seruati.
600 4236 635 4293 Ει
658 4238 793 4296 Antonius
807 4240 969 4312 indulserat,
1022 4240 1182 4313 primordiis
1191 4238 1333 4311 dignitatis
1346 4252 1396 4310 per
1413 4238 1535 4293 locorum
1551 4235 1696 4293 intervalla
1711 4251 1767 4293 uon
1777 4249 1828 4307 po·

166 4321 218 4379 sed
236 4322 353 4395 imperii,
369 4341 423 4382 non
446 4326 573 4386 benelicll
586 4344 731 4387 successor
754 4330 861 4399 invidit,
877 4331 923 4405 qul
937 4347 970 4389 ex
1021 4343 1104 4402 terat,
1118 4335 1152 4392 ad
1168 4333 1371 4391 solemnitatem
1379 4329 1517 4387 condendi
1530 4328 1645 4386 bonoris
1654 4337 1825 4396 occurreret,

166 4411 344 4472 documentis
365 4416 521 4490 tabulisque
543 4420 637 4491 populi
661 4421 816 4478 condonata
831 4423 968 4495 repetivit.
1020 4425 1165 4484 beneflciis
1183 4439 1217 4481 ne
1234 4423 1346 4480 deesset
1363 4420 1576 4488 eiectamenta
1590 4421 1663 4476 enim
1680 4418 1824 4485 memorio,

166 4505 212 4563 ‘lu
227 4520 385 4579 argumenta
399 4514 490 4568 omnia
499 4513 635 4586 llagitandi
648 4515 794 4586 publicitus
807 4517 971 4588 ardereius-
1022 4519 1163 4587 memoria,
1176 4518 1298 4589 inquam,
1307 4524 1496 4572 transcursum
1507 4523 1590 4570 tautae
1600 4509 1766 4578 celeritatis,
1781 4509 1826 4566 vel

165 4597 242 4655 sisti.
269 4598 369 4657 Videre
392 4603 419 4660 in
443 4604 501 4661 tuis
514 4620 630 4677 quotque
653 4604 720 4662 loris
733 4621 833 4664 omnes
845 4606 970 4664 civitates
1022 4609 1049 4668 in
1061 4609 1210 4667 audacibus
1224 4607 1383 4665 Graecorum
1405 4604 1505 4662 iabuiis
1522 4610 1677 4661 commenta
1695 4601 1758 4658 esti
1773 4600 1826 4658 Pe-

166 4692 415 4766 eontagrattonenn
428 4698 549 4755 salubris
561 4699 689 4757 incendii.
710 4699 851 4758 dedebant
869 4700 970 4772 stirpes
1021 4717 1105 4775 gasus
1118 4700 1231 4757 volucer
1248 4706 1326 4755 actus
1341 4713 1356 4752 a
1369 4697 1453 4770 Lycia
1467 4710 1522 4753 non
1536 4695 1608 4752 ultra
1621 4693 1745 4750 Ciliciam
1759 4706 1826 4764 per·

166 4784 297 4842 fraudum
313 4796 435 4845 ueterum
453 4807 459 4843 :
484 4788 619 4849 ardebant
632 4791 779 4849 seminaria
804 4792 968 4849 luturamm.
1022 4795 1134 4853 meavit.
1151 4791 1279 4865 cyllarus
1292 4798 1375 4862 atquo
1389 4789 1474 4846 Arion
1489 4789 1561 4844 luter
1574 4786 1665 4859 Argos
1682 4784 1828 4843 Nemeam·

165 4879 231 4934 Jam
247 4894 349 4937 secum
366 4883 479 4954 pulvere
494 4883 585 4941 iavilla
601 4884 758 4942 miscuerat.
776 4886 837 4943 lam
851 4884 971 4942 nubibus
1021 4904 1076 4961 que
1091 4896 1252 4945 senuerunt.
1275 4883 1330 4956 ipsi
1349 4882 1495 4940 Castorum
1509 4881 1585 4953 equi,
1609 4880 1682 4954 quod
1699 4878 1827 4950 longissi-

166 4971 265 5029 tunna
290 4972 454 5044 involverat,
470 4984 500 5032 et
513 4976 603 5034 adhuc
617 4978 728 5035 obnoxii
744 4977 773 5034 in
786 4978 893 5051 paginis
905 4992 972 5035 cnn·
1021 4996 1097 5039 mum
1112 4982 1164 5036 iter
1176 4988 1229 5047 est,
1244 4993 1298 5034 non
1313 4977 1367 5033 nisi
1381 4984 1488 5034 mutato
1501 4981 1823 5034 vectoretranscurrunt.

163 5064 302 5123 crematis
313 5067 414 5126 ductus
428 5070 535 5139 apicum
550 5081 580 5128 et
598 5071 786 5129 sestertiorum
809 5081 889 5128 notas
904 5085 968 5128 eum
1020 5073 1073 5142 Tu,
1083 5072 1222 5140 Gratiana,
1237 5068 1402 5127 totliomani
1416 5068 1524 5139 imperii
1538 5068 1650 5130 limites,
1662 5073 1702 5120 tot
1712 5061 1826 5119 llumina

162 5156 293 5230 jurarttia
303 5158 339 5216 de
353 5160 460 5218 rabone
472 5161 633 5230 ccrrtebant,
648 5162 720 5233 quod
736 5162 919 5219 meminerant
929 5163 970 5219 ie·
1020 5175 1048 5224 et
1062 5164 1149 5233 lacus,
1166 5170 1208 5219 tot
1226 5169 1351 5217 veterum
1366 5160 1518 5229 intersepta
1535 5169 1685 5227 regnorum
1699 5152 1825 5223 abusque

163 5260 245 5310 etum
260 5253 312 5326 legi
327 5268 409 5326 posse
421 5263 450 5312 et
463 5265 600 5314 terentes.
611 5255 681 5325 Quid
694 5265 731 5326 te,
747 5256 899 5328 imperator
912 5257 969 5311 du·
1019 5255 1139 5314 Thracia
1151 5268 1202 5325 per
1214 5259 1301 5308 totum
1313 5252 1407 5324 (quam
1418 5246 1517 5320 longus
1530 5247 1586 5318 est)
1600 5245 1690 5301 locutu
1710 5240 1823 5315 lllyrici,

160 5355 259 5419 guste,
277 5346 484 5420 indulgentius?
498 5349 568 5419 tiuid
592 5357 683 5422 potest
706 5362 769 5407 esse
794 5345 968 5406 consultiori
1020 5348 1174 5414 l'ettetiam,
1191 5343 1399 5416 liguriamque,
1416 5351 1445 5399 et
1459 5340 1579 5398 Galliam
1590 5346 1724 5405 veterem,
1744 5336 1824 5392 insu·

161 5438 242 5508 Quae
253 5438 324 5496 bona
337 5449 462 5512 prestas,
477 5441 573 5511 ellicis,
589 5456 625 5499 ne
634 5440 737 5500 caduca
751 5439 818 5498 sint.
833 5439 901 5509 Qua
909 5453 969 5496 ma·
1018 5438 1151 5516 perutilia
1166 5437 1289 5505 libetis,
1313 5434 1401 5492 libeni
1424 5433 1557 5499 aerolas,
1572 5429 1764 5501 Sequanorum
1778 5428 1825 5485 in-

162 5534 195 5593 la
207 5531 317 5602 adimis,
333 5535 468 5606 prospicis
481 5550 516 5592 ne
534 5535 641 5605 possint
664 5549 726 5593 estc
748 5533 880 5591 recidiva.
903 5532 968 5590 llec
1019 5535 1075 5599 via,
1088 5541 1212 5604 prorreeta
1222 5528 1389 5597 Germaniae,
1401 5524 1535 5583 celeriore
1549 5531 1710 5580 transcursu
1723 5562 1731 5589 ,
1742 5534 1824 5591 quam

159 5627 385 5702 provincialibus
408 5629 584 5702 indulgentie
605 5629 686 5688 bona.
713 5629 783 5699 Quid
804 5627 851 5686 illa
873 5637 968 5684 nostro
1020 5620 1331 5695 estproperatiunostri
1345 5617 1494 5686 sermonis,
1513 5612 1715 5682 evolvis,nuiia
1728 5612 1825 5686 requie

160 5719 276 5778 ordioil
301 5721 371 5790 Quid
396 5720 443 5778 illa
470 5722 602 5780 militibus
622 5723 824 5780 Antoninorum
849 5720 967 5778 comitas
1020 5717 1082 5787 otii,
1097 5731 1132 5774 nc
1146 5715 1238 5772 somni
1249 5712 1361 5785 quidetu
1375 5719 1425 5768 aut
1435 5710 1507 5782 cibi,
1520 5721 1635 5767 munere
1645 5705 1767 5776 liberali,
1781 5717 1823 5778 ut,

159 5813 244 5875 lultl
258 5815 361 5888 Etiam
376 5813 439 5873 iude
448 5813 675 5875 Gemtnnicorum
689 5817 802 5876 coltorte
815 5812 965 5876 amicorum
1020 5809 1125 5874 Gallias
1140 5819 1199 5871 tutto
1211 5807 1366 5882 inopiuttttt
1380 5804 1519 5881 lllttttlret,
1538 5812 1568 5867 ιιι
1581 5801 1722 5867 consulent
1737 5809 1824 5866 tttttuu
