<?xml version="1.0" encoding="UTF-8"?>
<!DOCTYPE html PUBLIC "-//W3C//DTD XHTML 1.0 Transitional//EN"
    "http://www.w3.org/TR/xhtml1/DTD/xhtml1-transitional.dtd">
<html xmlns="http://www.w3.org/1999/xhtml" xml:lang="en" lang="en">
 <head>
  <title>
</title>
<meta http-equiv="Content-Type" content="text/html;charset=utf-8" />
  <meta name='ocr-system' content='tesseract 3.04.00' />
  <meta name='ocr-capabilities' content='ocr_page ocr_carea ocr_par ocr_line ocrx_word'/>
</head>
<body>
  <div class='ocr_page' id='page_1' title='image "./patrologiaecurs130unkngoog/patrologiaecurs130unkngoog_0419.png"; bbox 0 0 4150 6167; ppageno 0'>
   <div class='ocr_carea' id='block_1_1' title="bbox 155 207 200 269">
    <p class='ocr_par' dir='ltr' id='par_1_1' title="bbox 155 207 200 269">
     <span class='ocr_line' id='line_1_1' title="bbox 155 207 200 269; baseline -0.044 0"><span class='ocrx_word' id='word_1_1' title='bbox 155 207 200 269; x_wconf 81' lang='lat' dir='ltr'>ull</span> 
     </span>
    </p>
   </div>
   <div class='ocr_carea' id='block_1_2' title="bbox 140 320 936 2158">
    <p class='ocr_par' dir='ltr' id='par_1_2' title="bbox 153 320 869 491">
     <span class='ocr_line' id='line_1_2' title="bbox 153 320 869 394; baseline 0.004 -15"><span class='ocrx_word' id='word_1_2' title='bbox 153 321 250 394; x_wconf 79' lang='lat' dir='ltr'>Excipit</span> <span class='ocrx_word' id='word_1_3' title='bbox 262 321 414 388; x_wconf 79' lang='lat' dir='ltr'>incautum.</span> <span class='ocrx_word' id='word_1_4' title='bbox 427 320 583 393; x_wconf 88' lang='lat' dir='ltr'>patriasque</span> <span class='ocrx_word' id='word_1_5' title='bbox 602 321 747 380; x_wconf 89' lang='lat' dir='ltr'>obtruncat</span> <span class='ocrx_word' id='word_1_6' title='bbox 760 325 793 380; x_wconf 89' lang='lat' dir='ltr'>ad</span> <span class='ocrx_word' id='word_1_7' title='bbox 807 340 869 382; x_wconf 89' lang='lat' dir='ltr'>aras</span> 
     </span>
     <span class='ocr_line' id='line_1_3' title="bbox 153 414 865 491; baseline -0.004 -16"><span class='ocrx_word' id='word_1_8' title='bbox 153 414 282 488; x_wconf 84' lang='lat' dir='ltr'>Sanguine</span> <span class='ocrx_word' id='word_1_9' title='bbox 296 414 445 474; x_wconf 76' lang='lat' dir='ltr'>foedantem</span> <span class='ocrx_word' id='word_1_10' title='bbox 454 430 524 487; x_wconf 89' lang='lat' dir='ltr'>quos</span> <span class='ocrx_word' id='word_1_11' title='bbox 536 417 593 488; x_wconf 90' lang='lat' dir='ltr'>ipse</span> <span class='ocrx_word' id='word_1_12' title='bbox 607 427 764 475; x_wconf 73' lang='lat' dir='ltr'>sacraverat</span> <span class='ocrx_word' id='word_1_13' title='bbox 778 420 865 491; x_wconf 86' lang='lat' dir='ltr'>ignes.</span> 
     </span>
    </p>

    <p class='ocr_par' dir='ltr' id='par_1_3' title="bbox 148 508 907 1139">
     <span class='ocr_line' id='line_1_4' title="bbox 184 508 907 586; baseline 0.006 -21"><span class='ocrx_word' id='word_1_14' title='bbox 184 509 242 567; x_wconf 86' lang='lat' dir='ltr'>Post</span> <span class='ocrx_word' id='word_1_15' title='bbox 255 510 369 566; x_wconf 81' lang='lat' dir='ltr'>occisum</span> <span class='ocrx_word' id='word_1_16' title='bbox 380 509 443 566; x_wconf 72' lang='lat' dir='ltr'>,atel</span> <span class='ocrx_word' id='word_1_17' title='bbox 456 508 527 567; x_wconf 81' lang='lat' dir='ltr'>Deus</span> <span class='ocrx_word' id='word_1_18' title='bbox 542 512 664 569; x_wconf 81' lang='lat' dir='ltr'>irascitur</span> <span class='ocrx_word' id='word_1_19' title='bbox 678 514 790 569; x_wconf 78' lang='lat' dir='ltr'>luuntuno</span> <span class='ocrx_word' id='word_1_20' title='bbox 809 517 907 586; x_wconf 81' lang='lat' dir='ltr'>gatteri.</span> 
     </span>
     <span class='ocr_line' id='line_1_5' title="bbox 151 602 821 675; baseline 0.006 -16"><span class='ocrx_word' id='word_1_21' title='bbox 151 602 220 660; x_wconf 82' lang='lat' dir='ltr'>&#39;iuno</span> <span class='ocrx_word' id='word_1_22' title='bbox 231 602 344 660; x_wconf 86' lang='lat' dir='ltr'>Genitor</span> <span class='ocrx_word' id='word_1_23' title='bbox 357 605 433 659; x_wconf 90' lang='lat' dir='ltr'>virus</span> <span class='ocrx_word' id='word_1_24' title='bbox 446 605 621 675; x_wconf 74' lang='lat' dir='ltr'><strong>serpentibus</strong></span> <span class='ocrx_word' id='word_1_25' title='bbox 633 605 733 662; x_wconf 86' lang='lat' dir='ltr'>addidit</span> <span class='ocrx_word' id='word_1_26' title='bbox 745 607 821 674; x_wconf 84' lang='lat' dir='ltr'>atris,</span> 
     </span>
     <span class='ocr_line' id='line_1_6' title="bbox 152 693 816 769; baseline 0.002 -18"><span class='ocrx_word' id='word_1_27' title='bbox 152 695 274 769; x_wconf 84' lang='lat' dir='ltr'>italiaque</span> <span class='ocrx_word' id='word_1_28' title='bbox 286 693 410 754; x_wconf 74' lang='lat' dir='ltr'><strong>decussit</strong></span> <span class='ocrx_word' id='word_1_29' title='bbox 425 696 509 767; x_wconf 88' lang='lat' dir='ltr'>loliis,</span> <span class='ocrx_word' id='word_1_30' title='bbox 525 696 669 769; x_wconf 89' lang='lat' dir='ltr'>ignemque</span> <span class='ocrx_word' id='word_1_31' title='bbox 684 700 816 766; x_wconf 85' lang='lat' dir='ltr'>remouit,</span> 
     </span>
     <span class='ocr_line' id='line_1_7' title="bbox 150 788 820 862; baseline 0.004 -18"><span class='ocrx_word' id='word_1_32' title='bbox 150 788 314 861; x_wconf 76' lang='lat' dir='ltr'>Praedamque</span> <span class='ocrx_word' id='word_1_33' title='bbox 328 788 407 861; x_wconf 91' lang='lat' dir='ltr'>lupos</span> <span class='ocrx_word' id='word_1_34' title='bbox 415 788 508 861; x_wconf 82' lang='lat' dir='ltr'>jussit.</span> <span class='ocrx_word' id='word_1_35' title='bbox 526 799 692 862; x_wconf 91' lang='lat' dir='ltr'>pontumque</span> <span class='ocrx_word' id='word_1_36' title='bbox 706 794 820 849; x_wconf 90' lang='lat' dir='ltr'>ntovcri.</span> 
     </span>
     <span class='ocr_line' id='line_1_8' title="bbox 149 880 748 953; baseline 0 -16"><span class='ocrx_word' id='word_1_37' title='bbox 149 881 180 937; x_wconf 84' lang='lat' dir='ltr'>tn</span> <span class='ocrx_word' id='word_1_38' title='bbox 191 880 286 953; x_wconf 88' lang='lat' dir='ltr'>passim</span> <span class='ocrx_word' id='word_1_39' title='bbox 298 881 364 938; x_wconf 84' lang='lat' dir='ltr'>ritis</span> <span class='ocrx_word' id='word_1_40' title='bbox 374 881 512 938; x_wconf 85' lang='lat' dir='ltr'>currentia</span> <span class='ocrx_word' id='word_1_41' title='bbox 527 881 590 938; x_wconf 87' lang='lat' dir='ltr'>vina</span> <span class='ocrx_word' id='word_1_42' title='bbox 605 883 748 952; x_wconf 87' lang='lat' dir='ltr'>repressit.</span> 
     </span>
     <span class='ocr_line' id='line_1_9' title="bbox 148 972 869 1044; baseline 0.006 -14"><span class='ocrx_word' id='word_1_43' title='bbox 148 972 201 1030; x_wconf 85' lang='lat' dir='ltr'>ilos</span> <span class='ocrx_word' id='word_1_44' title='bbox 214 981 243 1030; x_wconf 88' lang='lat' dir='ltr'>et</span> <span class='ocrx_word' id='word_1_45' title='bbox 252 973 397 1030; x_wconf 88' lang='lat' dir='ltr'>lrurneotis</span> <span class='ocrx_word' id='word_1_46' title='bbox 409 973 486 1030; x_wconf 88' lang='lat' dir='ltr'>labor</span> <span class='ocrx_word' id='word_1_47' title='bbox 496 974 617 1044; x_wconf 87' lang='lat' dir='ltr'>additus,</span> <span class='ocrx_word' id='word_1_48' title='bbox 632 983 662 1031; x_wconf 92' lang='lat' dir='ltr'>ut</span> <span class='ocrx_word' id='word_1_49' title='bbox 675 977 747 1031; x_wconf 85' lang='lat' dir='ltr'>tatala</span> <span class='ocrx_word' id='word_1_50' title='bbox 761 977 869 1034; x_wconf 90' lang='lat' dir='ltr'>culmos</span> 
     </span>
     <span class='ocr_line' id='line_1_10' title="bbox 148 1064 803 1139; baseline -0.002 -17"><span class='ocrx_word' id='word_1_51' title='bbox 148 1065 220 1122; x_wconf 77' lang='lat' dir='ltr'>Esset</span> <span class='ocrx_word' id='word_1_52' title='bbox 233 1064 338 1136; x_wconf 88' lang='lat' dir='ltr'>rubigo,</span> <span class='ocrx_word' id='word_1_53' title='bbox 353 1074 382 1122; x_wconf 90' lang='lat' dir='ltr'>et</span> <span class='ocrx_word' id='word_1_54' title='bbox 392 1065 494 1122; x_wconf 86' lang='lat' dir='ltr'>rictum</span> <span class='ocrx_word' id='word_1_55' title='bbox 506 1080 584 1136; x_wconf 86' lang='lat' dir='ltr'>seges</span> <span class='ocrx_word' id='word_1_56' title='bbox 596 1082 667 1138; x_wconf 81' lang='lat' dir='ltr'>aegra</span> <span class='ocrx_word' id='word_1_57' title='bbox 682 1079 803 1139; x_wconf 84' lang='lat' dir='ltr'>negaret.</span> 
     </span>
    </p>

    <p class='ocr_par' dir='ltr' id='par_1_4' title="bbox 145 1158 831 1415">
     <span class='ocr_line' id='line_1_11' title="bbox 180 1158 831 1231; baseline 0.005 -15"><span class='ocrx_word' id='word_1_58' title='bbox 180 1158 251 1216; x_wconf 80' lang='lat' dir='ltr'>Tune</span> <span class='ocrx_word' id='word_1_59' title='bbox 262 1160 366 1231; x_wconf 85' lang='lat' dir='ltr'>laqueis</span> <span class='ocrx_word' id='word_1_60' title='bbox 381 1169 494 1230; x_wconf 88' lang='lat' dir='ltr'>captare</span> <span class='ocrx_word' id='word_1_61' title='bbox 509 1160 593 1225; x_wconf 82' lang='lat' dir='ltr'>ieras.</span> <span class='ocrx_word' id='word_1_62' title='bbox 607 1172 636 1218; x_wconf 89' lang='lat' dir='ltr'>et</span> <span class='ocrx_word' id='word_1_63' title='bbox 646 1161 741 1218; x_wconf 80' lang='lat' dir='ltr'>tallere</span> <span class='ocrx_word' id='word_1_64' title='bbox 756 1161 831 1219; x_wconf 83' lang='lat' dir='ltr'>visco</span> 
     </span>
     <span class='ocr_line' id='line_1_12' title="bbox 148 1249 795 1324; baseline 0.003 -17"><span class='ocrx_word' id='word_1_65' title='bbox 148 1249 291 1319; x_wconf 83' lang='lat' dir='ltr'>intentum,</span> <span class='ocrx_word' id='word_1_66' title='bbox 307 1259 336 1308; x_wconf 91' lang='lat' dir='ltr'>et</span> <span class='ocrx_word' id='word_1_67' title='bbox 348 1251 425 1308; x_wconf 90' lang='lat' dir='ltr'>duris</span> <span class='ocrx_word' id='word_1_68' title='bbox 438 1267 538 1324; x_wconf 86' lang='lat' dir='ltr'>urgens</span> <span class='ocrx_word' id='word_1_69' title='bbox 551 1253 577 1309; x_wconf 92' lang='lat' dir='ltr'>itt</span> <span class='ocrx_word' id='word_1_70' title='bbox 591 1254 674 1310; x_wconf 89' lang='lat' dir='ltr'>rebus</span> <span class='ocrx_word' id='word_1_71' title='bbox 686 1264 795 1323; x_wconf 67' lang='lat' dir='ltr'>egestas</span> 
     </span>
     <span class='ocr_line' id='line_1_13' title="bbox 145 1342 778 1415; baseline 0.005 -16"><span class='ocrx_word' id='word_1_72' title='bbox 145 1342 323 1415; x_wconf 85' lang='lat' dir='ltr'>ilotitagros,</span> <span class='ocrx_word' id='word_1_73' title='bbox 339 1342 413 1399; x_wconf 88' lang='lat' dir='ltr'>curis</span> <span class='ocrx_word' id='word_1_74' title='bbox 427 1357 529 1400; x_wconf 88' lang='lat' dir='ltr'>acuens</span> <span class='ocrx_word' id='word_1_75' title='bbox 541 1344 668 1400; x_wconf 86' lang='lat' dir='ltr'>mortalia</span> <span class='ocrx_word' id='word_1_76' title='bbox 683 1347 778 1402; x_wconf 90' lang='lat' dir='ltr'>corda.</span> 
     </span>
    </p>

    <p class='ocr_par' dir='ltr' id='par_1_5' title="bbox 144 1435 724 1508">
     <span class='ocr_line' id='line_1_14' title="bbox 144 1435 724 1508; baseline 0.002 -15"><span class='ocrx_word' id='word_1_77' title='bbox 144 1436 260 1494; x_wconf 80' lang='lat' dir='ltr'>[laterior</span> <span class='ocrx_word' id='word_1_78' title='bbox 272 1435 359 1493; x_wconf 92' lang='lat' dir='ltr'>donec</span> <span class='ocrx_word' id='word_1_79' title='bbox 371 1437 502 1508; x_wconf 87' lang='lat' dir='ltr'>paulatim</span> <span class='ocrx_word' id='word_1_80' title='bbox 517 1435 630 1493; x_wconf 83' lang='lat' dir='ltr'>decolor</span> <span class='ocrx_word' id='word_1_81' title='bbox 642 1447 724 1505; x_wconf 87' lang='lat' dir='ltr'>actas,</span> 
     </span>
    </p>

    <p class='ocr_par' dir='ltr' id='par_1_6' title="bbox 144 1526 820 1601">
     <span class='ocr_line' id='line_1_15' title="bbox 144 1526 820 1601; baseline 0.001 -16"><span class='ocrx_word' id='word_1_82' title='bbox 144 1527 238 1585; x_wconf 74' lang='lat' dir='ltr'>Ferrea</span> <span class='ocrx_word' id='word_1_83' title='bbox 251 1528 396 1601; x_wconf 85' lang='lat' dir='ltr'>progenies</span> <span class='ocrx_word' id='word_1_84' title='bbox 409 1526 511 1585; x_wconf 89' lang='lat' dir='ltr'>durum</span> <span class='ocrx_word' id='word_1_85' title='bbox 523 1538 607 1601; x_wconf 88' lang='lat' dir='ltr'>eaput</span> <span class='ocrx_word' id='word_1_86' title='bbox 620 1529 717 1586; x_wconf 82' lang='lat' dir='ltr'>extulit</span> <span class='ocrx_word' id='word_1_87' title='bbox 730 1531 820 1600; x_wconf 88' lang='lat' dir='ltr'>arvis,</span> 
     </span>
    </p>

    <p class='ocr_par' dir='ltr' id='par_1_7' title="bbox 143 1621 777 1688">
     <span class='ocr_line' id='line_1_16' title="bbox 143 1621 777 1688; baseline -0.003 -10"><span class='ocrx_word' id='word_1_88' title='bbox 143 1621 242 1678; x_wconf 80' lang='lat' dir='ltr'>Ctbclli</span> <span class='ocrx_word' id='word_1_89' title='bbox 257 1621 358 1688; x_wconf 84' lang='lat' dir='ltr'>rabies,</span> <span class='ocrx_word' id='word_1_90' title='bbox 372 1630 401 1678; x_wconf 93' lang='lat' dir='ltr'>et</span> <span class='ocrx_word' id='word_1_91' title='bbox 414 1636 492 1677; x_wconf 89' lang='lat' dir='ltr'>amor</span> <span class='ocrx_word' id='word_1_92' title='bbox 504 1622 635 1678; x_wconf 89' lang='lat' dir='ltr'>suecessit</span> <span class='ocrx_word' id='word_1_93' title='bbox 650 1622 777 1681; x_wconf 85' lang='lat' dir='ltr'>lrabendi.</span> 
     </span>
    </p>

    <p class='ocr_par' dir='ltr' id='par_1_8' title="bbox 143 1712 703 1785">
     <span class='ocr_line' id='line_1_17' title="bbox 143 1712 703 1785; baseline 0 -16"><span class='ocrx_word' id='word_1_94' title='bbox 143 1712 244 1769; x_wconf 83' lang='lat' dir='ltr'>iustitia</span> <span class='ocrx_word' id='word_1_95' title='bbox 253 1712 390 1770; x_wconf 83' lang='lat' dir='ltr'>excedens</span> <span class='ocrx_word' id='word_1_96' title='bbox 405 1713 488 1770; x_wconf 89' lang='lat' dir='ltr'>terris</span> <span class='ocrx_word' id='word_1_97' title='bbox 501 1714 615 1785; x_wconf 83' lang='lat' dir='ltr'>vestigia</span> <span class='ocrx_word' id='word_1_98' title='bbox 631 1714 703 1772; x_wconf 87' lang='lat' dir='ltr'>lecit.</span> 
     </span>
    </p>

    <p class='ocr_par' dir='ltr' id='par_1_9' title="bbox 140 1804 936 2064">
     <span class='ocr_line' id='line_1_18' title="bbox 141 1804 936 1878; baseline 0.004 -14"><span class='ocrx_word' id='word_1_99' title='bbox 141 1804 195 1864; x_wconf 84' lang='lat' dir='ltr'>llcc</span> <span class='ocrx_word' id='word_1_100' title='bbox 205 1806 312 1878; x_wconf 90' lang='lat' dir='ltr'>loegum</span> <span class='ocrx_word' id='word_1_101' title='bbox 326 1806 353 1862; x_wconf 91' lang='lat' dir='ltr'>iu</span> <span class='ocrx_word' id='word_1_102' title='bbox 367 1805 458 1863; x_wconf 87' lang='lat' dir='ltr'>medio</span> <span class='ocrx_word' id='word_1_103' title='bbox 473 1816 580 1878; x_wconf 80' lang='lat' dir='ltr'>terimus</span> <span class='ocrx_word' id='word_1_104' title='bbox 596 1821 604 1864; x_wconf 76' lang='lat' dir='ltr'>a</span> <span class='ocrx_word' id='word_1_105' title='bbox 620 1809 696 1864; x_wconf 84' lang='lat' dir='ltr'>luror</span> <span class='ocrx_word' id='word_1_106' title='bbox 709 1809 804 1878; x_wconf 77' lang='lat' dir='ltr'>irenae</span> <span class='ocrx_word' id='word_1_107' title='bbox 816 1819 936 1867; x_wconf 80' lang='lat' dir='ltr'>manaem</span> 
     </span>
     <span class='ocr_line' id='line_1_19' title="bbox 142 1899 862 1972; baseline 0.003 -15"><span class='ocrx_word' id='word_1_108' title='bbox 142 1899 324 1972; x_wconf 77' lang='lat' dir='ltr'>Pracipitant.</span> <span class='ocrx_word' id='word_1_109' title='bbox 339 1900 460 1972; x_wconf 89' lang='lat' dir='ltr'>gaudent</span> <span class='ocrx_word' id='word_1_110' title='bbox 471 1899 573 1970; x_wconf 75' lang='lat' dir='ltr'>perfusi</span> <span class='ocrx_word' id='word_1_111' title='bbox 588 1900 722 1971; x_wconf 83' lang='lat' dir='ltr'>satrgnine</span> <span class='ocrx_word' id='word_1_112' title='bbox 737 1901 862 1959; x_wconf 77' lang='lat' dir='ltr'>lustrum.</span> 
     </span>
     <span class='ocr_line' id='line_1_20' title="bbox 140 1990 799 2064; baseline -0.003 -15"><span class='ocrx_word' id='word_1_113' title='bbox 140 1990 234 2049; x_wconf 79' lang='lat' dir='ltr'>Condit</span> <span class='ocrx_word' id='word_1_114' title='bbox 246 2006 313 2064; x_wconf 91' lang='lat' dir='ltr'>opes</span> <span class='ocrx_word' id='word_1_115' title='bbox 327 1992 407 2061; x_wconf 87' lang='lat' dir='ltr'>alius,</span> <span class='ocrx_word' id='word_1_116' title='bbox 422 1991 585 2064; x_wconf 80' lang='lat' dir='ltr'>delossoque</span> <span class='ocrx_word' id='word_1_117' title='bbox 599 1991 711 2050; x_wconf 83' lang='lat' dir='ltr'>irrcttbst</span> <span class='ocrx_word' id='word_1_118' title='bbox 721 2007 799 2062; x_wconf 88' lang='lat' dir='ltr'>aum,</span> 
     </span>
    </p>

    <p class='ocr_par' dir='ltr' id='par_1_10' title="bbox 140 2084 918 2158">
     <span class='ocr_line' id='line_1_21' title="bbox 140 2084 918 2158; baseline 0.003 -16"><span class='ocrx_word' id='word_1_119' title='bbox 140 2084 194 2143; x_wconf 88' lang='lat' dir='ltr'>Nec</span> <span class='ocrx_word' id='word_1_120' title='bbox 206 2084 289 2141; x_wconf 89' lang='lat' dir='ltr'>doluit</span> <span class='ocrx_word' id='word_1_121' title='bbox 303 2085 439 2142; x_wconf 82' lang='lat' dir='ltr'>miserans</span> <span class='ocrx_word' id='word_1_122' title='bbox 453 2084 574 2157; x_wconf 89' lang='lat' dir='ltr'>inopem,</span> <span class='ocrx_word' id='word_1_123' title='bbox 591 2084 771 2158; x_wconf 78' lang='lat' dir='ltr'>dextramque</span> <span class='ocrx_word' id='word_1_124' title='bbox 791 2086 918 2144; x_wconf 88' lang='lat' dir='ltr'>tetendit.</span> 
     </span>
    </p>
   </div>
   <div class='ocr_carea' id='block_1_3' title="bbox 455 2198 626 2256">
    <p class='ocr_par' dir='ltr' id='par_1_11' title="bbox 455 2198 626 2256">
     <span class='ocr_line' id='line_1_22' title="bbox 455 2198 626 2256; baseline 0.012 -2"><span class='ocrx_word' id='word_1_125' title='bbox 455 2200 493 2255; x_wconf 82' lang='lat' dir='ltr'>De</span> <span class='ocrx_word' id='word_1_126' title='bbox 506 2198 626 2256; x_wconf 79' lang='lat' dir='ltr'>Diluvio.</span> 
     </span>
    </p>
   </div>
   <div class='ocr_carea' id='block_1_4' title="bbox 133 2314 937 2855">
    <p class='ocr_par' dir='ltr' id='par_1_12' title="bbox 133 2314 937 2855">
     <span class='ocr_line' id='line_1_23' title="bbox 175 2314 937 2388; baseline 0 -15"><span class='ocrx_word' id='word_1_127' title='bbox 175 2314 249 2374; x_wconf 79' lang='lat' dir='ltr'>Tunc</span> <span class='ocrx_word' id='word_1_128' title='bbox 258 2314 338 2372; x_wconf 79' lang='lat' dir='ltr'>Pator</span> <span class='ocrx_word' id='word_1_129' title='bbox 348 2316 524 2387; x_wconf 83' lang='lat' dir='ltr'>omraipotens</span> <span class='ocrx_word' id='word_1_130' title='bbox 536 2315 659 2388; x_wconf 84' lang='lat' dir='ltr'>graviter</span> <span class='ocrx_word' id='word_1_131' title='bbox 667 2326 821 2373; x_wconf 89' lang='lat' dir='ltr'>commotus</span> <span class='ocrx_word' id='word_1_132' title='bbox 833 2318 868 2373; x_wconf 95' lang='lat' dir='ltr'>ab</span> <span class='ocrx_word' id='word_1_133' title='bbox 881 2318 937 2374; x_wconf 90' lang='lat' dir='ltr'>alto</span> 
     </span>
     <span class='ocr_line' id='line_1_24' title="bbox 136 2409 802 2481; baseline -0.002 -12"><span class='ocrx_word' id='word_1_134' title='bbox 136 2409 247 2469; x_wconf 80' lang='lat' dir='ltr'>AEtbere</span> <span class='ocrx_word' id='word_1_135' title='bbox 260 2426 291 2470; x_wconf 89' lang='lat' dir='ltr'>se</span> <span class='ocrx_word' id='word_1_136' title='bbox 303 2411 396 2481; x_wconf 92' lang='lat' dir='ltr'>mittit,</span> <span class='ocrx_word' id='word_1_137' title='bbox 412 2411 537 2468; x_wconf 87' lang='lat' dir='ltr'>tellurem</span> <span class='ocrx_word' id='word_1_138' title='bbox 549 2411 664 2468; x_wconf 75' lang='lat' dir='ltr'>effundit</span> <span class='ocrx_word' id='word_1_139' title='bbox 678 2412 704 2467; x_wconf 93' lang='lat' dir='ltr'>in</span> <span class='ocrx_word' id='word_1_140' title='bbox 716 2411 802 2468; x_wconf 90' lang='lat' dir='ltr'>undas</span> 
     </span>
     <span class='ocr_line' id='line_1_25' title="bbox 136 2503 827 2577; baseline -0.003 -17"><span class='ocrx_word' id='word_1_141' title='bbox 136 2504 242 2561; x_wconf 83' lang='lat' dir='ltr'>bilurio</span> <span class='ocrx_word' id='word_1_142' title='bbox 255 2503 386 2571; x_wconf 86' lang='lat' dir='ltr'>misceas,</span> <span class='ocrx_word' id='word_1_143' title='bbox 399 2503 554 2577; x_wconf 71' lang='lat' dir='ltr'>coelumque</span> <span class='ocrx_word' id='word_1_144' title='bbox 565 2506 592 2560; x_wconf 89' lang='lat' dir='ltr'>in</span> <span class='ocrx_word' id='word_1_145' title='bbox 607 2513 709 2560; x_wconf 89' lang='lat' dir='ltr'>tartara</span> <span class='ocrx_word' id='word_1_146' title='bbox 734 2506 827 2560; x_wconf 84' lang='lat' dir='ltr'>soluit.</span> 
     </span>
     <span class='ocr_line' id='line_1_26' title="bbox 134 2596 897 2670; baseline -0.005 -13"><span class='ocrx_word' id='word_1_147' title='bbox 134 2598 339 2670; x_wconf 81' lang='lat' dir='ltr'>Sternltagms,</span> <span class='ocrx_word' id='word_1_148' title='bbox 353 2598 453 2655; x_wconf 87' lang='lat' dir='ltr'>sternit</span> <span class='ocrx_word' id='word_1_149' title='bbox 467 2605 528 2654; x_wconf 88' lang='lat' dir='ltr'>sata</span> <span class='ocrx_word' id='word_1_150' title='bbox 540 2598 618 2665; x_wconf 79' lang='lat' dir='ltr'>tnta,</span> <span class='ocrx_word' id='word_1_151' title='bbox 636 2597 774 2670; x_wconf 85' lang='lat' dir='ltr'>boumque</span> <span class='ocrx_word' id='word_1_152' title='bbox 787 2596 897 2654; x_wconf 80' lang='lat' dir='ltr'>labores</span> 
     </span>
     <span class='ocr_line' id='line_1_27' title="bbox 137 2688 897 2763; baseline -0.004 -16"><span class='ocrx_word' id='word_1_153' title='bbox 137 2689 232 2759; x_wconf 82' lang='lat' dir='ltr'>Diluit.</span> <span class='ocrx_word' id='word_1_154' title='bbox 244 2690 394 2763; x_wconf 89' lang='lat' dir='ltr'>implentur</span> <span class='ocrx_word' id='word_1_155' title='bbox 404 2690 497 2759; x_wconf 79' lang='lat' dir='ltr'>iosuae,</span> <span class='ocrx_word' id='word_1_156' title='bbox 513 2696 541 2747; x_wconf 90' lang='lat' dir='ltr'>ct</span> <span class='ocrx_word' id='word_1_157' title='bbox 553 2704 619 2746; x_wconf 87' lang='lat' dir='ltr'>cara</span> <span class='ocrx_word' id='word_1_158' title='bbox 632 2688 746 2746; x_wconf 86' lang='lat' dir='ltr'>domina</span> <span class='ocrx_word' id='word_1_159' title='bbox 758 2698 897 2746; x_wconf 85' lang='lat' dir='ltr'>crescunt.</span> 
     </span>
     <span class='ocr_line' id='line_1_28' title="bbox 133 2780 933 2855; baseline -0.005 -16"><span class='ocrx_word' id='word_1_160' title='bbox 133 2782 171 2840; x_wconf 79' lang='lat' dir='ltr'>Et</span> <span class='ocrx_word' id='word_1_161' title='bbox 181 2797 269 2855; x_wconf 88' lang='lat' dir='ltr'>gertus</span> <span class='ocrx_word' id='word_1_162' title='bbox 279 2797 361 2842; x_wconf 91' lang='lat' dir='ltr'>omne</span> <span class='ocrx_word' id='word_1_163' title='bbox 371 2783 431 2840; x_wconf 86' lang='lat' dir='ltr'>neci</span> <span class='ocrx_word' id='word_1_164' title='bbox 446 2781 579 2854; x_wconf 91' lang='lat' dir='ltr'>pecudum</span> <span class='ocrx_word' id='word_1_165' title='bbox 596 2780 689 2851; x_wconf 88' lang='lat' dir='ltr'>dedit,</span> <span class='ocrx_word' id='word_1_166' title='bbox 704 2796 787 2840; x_wconf 93' lang='lat' dir='ltr'>omne</span> <span class='ocrx_word' id='word_1_167' title='bbox 803 2782 933 2839; x_wconf 85' lang='lat' dir='ltr'>letarum.</span> 
     </span>
    </p>
   </div>
   <div class='ocr_carea' id='block_1_5' title="bbox 437 2897 633 2955">
    <p class='ocr_par' dir='ltr' id='par_1_13' title="bbox 437 2897 633 2955">
     <span class='ocr_line' id='line_1_29' title="bbox 437 2897 633 2955; baseline -0.005 -2"><span class='ocrx_word' id='word_1_168' title='bbox 437 2897 496 2955; x_wconf 84' lang='lat' dir='ltr'>Noe</span> <span class='ocrx_word' id='word_1_169' title='bbox 509 2905 633 2954; x_wconf 75' lang='lat' dir='ltr'>seruatam</span> 
     </span>
    </p>
   </div>
   <div class='ocr_carea' id='block_1_6' title="bbox 113 3010 934 5041">
    <p class='ocr_par' dir='ltr' id='par_1_14' title="bbox 129 3010 934 3494">
     <span class='ocr_line' id='line_1_30' title="bbox 169 3010 896 3085; baseline -0.004 -15"><span class='ocrx_word' id='word_1_170' title='bbox 169 3012 238 3070; x_wconf 85' lang='lat' dir='ltr'>Turn</span> <span class='ocrx_word' id='word_1_171' title='bbox 250 3011 485 3085; x_wconf 67' lang='lat' dir='ltr'>praeterissem,</span> <span class='ocrx_word' id='word_1_172' title='bbox 497 3028 530 3070; x_wconf 90' lang='lat' dir='ltr'>ac</span> <span class='ocrx_word' id='word_1_173' title='bbox 540 3011 656 3081; x_wconf 89' lang='lat' dir='ltr'>meritis,</span> <span class='ocrx_word' id='word_1_174' title='bbox 670 3010 795 3070; x_wconf 85' lang='lat' dir='ltr'>mirabile</span> <span class='ocrx_word' id='word_1_175' title='bbox 805 3011 896 3070; x_wconf 90' lang='lat' dir='ltr'>diclni</span> 
     </span>
     <span class='ocr_line' id='line_1_31' title="bbox 131 3103 772 3186; baseline -0.003 -25"><span class='ocrx_word' id='word_1_176' title='bbox 131 3103 186 3174; x_wconf 80' lang='lat' dir='ltr'>Qui</span> <span class='ocrx_word' id='word_1_177' title='bbox 200 3106 252 3162; x_wconf 86' lang='lat' dir='ltr'>luit</span> <span class='ocrx_word' id='word_1_178' title='bbox 265 3105 292 3161; x_wconf 91' lang='lat' dir='ltr'>itt</span> <span class='ocrx_word' id='word_1_179' title='bbox 306 3106 389 3162; x_wconf 90' lang='lat' dir='ltr'>terris</span> <span class='ocrx_word' id='word_1_180' title='bbox 399 3113 427 3163; x_wconf 89' lang='lat' dir='ltr'>et</span> <span class='ocrx_word' id='word_1_181' title='bbox 440 3104 663 3161; x_wconf 77' lang='lat' dir='ltr'>servantissimus</span> <span class='ocrx_word' id='word_1_182' title='bbox 681 3103 772 3186; x_wconf 85' lang='lat' dir='ltr'>aequi,</span> 
     </span>
     <span class='ocr_line' id='line_1_32' title="bbox 131 3195 736 3271; baseline -0.007 -15"><span class='ocrx_word' id='word_1_183' title='bbox 131 3198 242 3271; x_wconf 79' lang='lat' dir='ltr'>Eripuit</span> <span class='ocrx_word' id='word_1_184' title='bbox 251 3196 338 3266; x_wconf 85' lang='lat' dir='ltr'>letho,</span> <span class='ocrx_word' id='word_1_185' title='bbox 353 3197 436 3255; x_wconf 89' lang='lat' dir='ltr'>tantis</span> <span class='ocrx_word' id='word_1_186' title='bbox 450 3197 628 3270; x_wconf 72' lang='lat' dir='ltr'>surgentibus</span> <span class='ocrx_word' id='word_1_187' title='bbox 640 3195 736 3266; x_wconf 88' lang='lat' dir='ltr'>undis,</span> 
     </span>
     <span class='ocr_line' id='line_1_33' title="bbox 130 3291 859 3366; baseline -0.005 -15"><span class='ocrx_word' id='word_1_188' title='bbox 130 3291 169 3351; x_wconf 87' lang='lat' dir='ltr'>ttt</span> <span class='ocrx_word' id='word_1_189' title='bbox 181 3291 351 3366; x_wconf 89' lang='lat' dir='ltr'>genusunde</span> <span class='ocrx_word' id='word_1_190' title='bbox 361 3307 440 3350; x_wconf 78' lang='lat' dir='ltr'>notae</span> <span class='ocrx_word' id='word_1_191' title='bbox 453 3293 549 3364; x_wconf 91' lang='lat' dir='ltr'>stirpis</span> <span class='ocrx_word' id='word_1_192' title='bbox 564 3302 719 3361; x_wconf 86' lang='lat' dir='ltr'>revocaret,</span> <span class='ocrx_word' id='word_1_193' title='bbox 734 3291 859 3349; x_wconf 85' lang='lat' dir='ltr'>baberet.</span> 
     </span>
     <span class='ocr_line' id='line_1_34' title="bbox 129 3405 934 3494; baseline -0.005 -27"><span class='ocrx_word' id='word_1_194' title='bbox 129 3406 201 3467; x_wconf 83' lang='lat' dir='ltr'>Post</span> <span class='ocrx_word' id='word_1_195' title='bbox 214 3408 341 3467; x_wconf 82' lang='lat' dir='ltr'>diluuium</span> <span class='ocrx_word' id='word_1_196' title='bbox 354 3407 426 3466; x_wconf 82' lang='lat' dir='ltr'>lleus</span> <span class='ocrx_word' id='word_1_197' title='bbox 435 3410 516 3494; x_wconf 79' lang='lat' dir='ltr'>legem</span> <span class='ocrx_word' id='word_1_198' title='bbox 530 3409 580 3464; x_wconf 87' lang='lat' dir='ltr'>dot.</span> <span class='ocrx_word' id='word_1_199' title='bbox 591 3408 740 3465; x_wconf 86' lang='lat' dir='ltr'>bominibus</span> <span class='ocrx_word' id='word_1_200' title='bbox 749 3424 759 3463; x_wconf 92' lang='lat'>.·</span> <span class='ocrx_word' id='word_1_201' title='bbox 768 3406 858 3464; x_wconf 74' lang='lat' dir='ltr'>dudlei</span> <span class='ocrx_word' id='word_1_202' title='bbox 867 3405 934 3463; x_wconf 83' lang='lat' dir='ltr'>bello</span> 
     </span>
    </p>

    <p class='ocr_par' dir='ltr' id='par_1_15' title="bbox 460 3490 619 3556">
     <span class='ocr_line' id='line_1_35' title="bbox 460 3490 619 3556; baseline -0.006 -20"><span class='ocrx_word' id='word_1_203' title='bbox 460 3490 604 3556; x_wconf 76' lang='lat' dir='ltr'>eputentur.</span> <span class='ocrx_word' id='word_1_204' title='bbox 616 3545 619 3551; x_wconf 20' lang='lat' dir='ltr'><em>r</em></span> 
     </span>
    </p>

    <p class='ocr_par' dir='ltr' id='par_1_16' title="bbox 113 3573 934 5041">
     <span class='ocr_line' id='line_1_36' title="bbox 166 3573 781 3646; baseline -0.003 -14"><span class='ocrx_word' id='word_1_205' title='bbox 166 3574 277 3632; x_wconf 83' lang='lat' dir='ltr'>llilutiu</span> <span class='ocrx_word' id='word_1_206' title='bbox 290 3589 325 3633; x_wconf 83' lang='lat' dir='ltr'>ex</span> <span class='ocrx_word' id='word_1_207' title='bbox 335 3573 394 3645; x_wconf 83' lang='lat' dir='ltr'>illo,</span> <span class='ocrx_word' id='word_1_208' title='bbox 405 3575 528 3646; x_wconf 88' lang='lat' dir='ltr'>patribus</span> <span class='ocrx_word' id='word_1_209' title='bbox 541 3574 589 3631; x_wconf 89' lang='lat' dir='ltr'>dat</span> <span class='ocrx_word' id='word_1_210' title='bbox 602 3576 662 3642; x_wconf 82' lang='lat' dir='ltr'>iura</span> <span class='ocrx_word' id='word_1_211' title='bbox 677 3574 781 3630; x_wconf 85' lang='lat' dir='ltr'>vocatis</span> 
     </span>
     <span class='ocr_line' id='line_1_37' title="bbox 127 3666 894 3743; baseline -0.01 -15"><span class='ocrx_word' id='word_1_212' title='bbox 127 3669 327 3743; x_wconf 83' lang='lat' dir='ltr'>Omaipotens,</span> <span class='ocrx_word' id='word_1_213' title='bbox 343 3668 504 3741; x_wconf 75' lang='lat' dir='ltr'>magnisque</span> <span class='ocrx_word' id='word_1_214' title='bbox 516 3669 600 3740; x_wconf 87' lang='lat' dir='ltr'>agitat</span> <span class='ocrx_word' id='word_1_215' title='bbox 613 3666 664 3724; x_wconf 90' lang='lat' dir='ltr'>sttb</span> <span class='ocrx_word' id='word_1_216' title='bbox 679 3666 782 3739; x_wconf 87' lang='lat' dir='ltr'>legibus</span> <span class='ocrx_word' id='word_1_217' title='bbox 796 3680 894 3723; x_wconf 72' lang='lat' dir='ltr'>aevum.</span> 
     </span>
     <span class='ocr_line' id='line_1_38' title="bbox 127 3758 934 3834; baseline -0.006 -14"><span class='ocrx_word' id='word_1_218' title='bbox 127 3762 205 3833; x_wconf 82' lang='lat' dir='ltr'>Quid</span> <span class='ocrx_word' id='word_1_219' title='bbox 217 3779 368 3822; x_wconf 82' lang='lat' dir='ltr'>memorem</span> <span class='ocrx_word' id='word_1_220' title='bbox 382 3762 508 3820; x_wconf 77' lang='lat' dir='ltr'>intendas</span> <span class='ocrx_word' id='word_1_221' title='bbox 520 3762 629 3819; x_wconf 75' lang='lat' dir='ltr'>caedes?</span> <span class='ocrx_word' id='word_1_222' title='bbox 643 3761 707 3834; x_wconf 92' lang='lat' dir='ltr'>quid</span> <span class='ocrx_word' id='word_1_223' title='bbox 721 3761 791 3818; x_wconf 87' lang='lat' dir='ltr'>lacta</span> <span class='ocrx_word' id='word_1_224' title='bbox 804 3758 934 3833; x_wconf 82' lang='lat' dir='ltr'>tyrannii</span> 
     </span>
     <span class='ocr_line' id='line_1_39' title="bbox 125 3854 899 3931; baseline -0.012 -14"><span class='ocrx_word' id='word_1_225' title='bbox 125 3857 287 3931; x_wconf 81' lang='lat' dir='ltr'>Neseiaque</span> <span class='ocrx_word' id='word_1_226' title='bbox 300 3857 426 3915; x_wconf 86' lang='lat' dir='ltr'>humanis</span> <span class='ocrx_word' id='word_1_227' title='bbox 441 3856 568 3928; x_wconf 87' lang='lat' dir='ltr'>precibus</span> <span class='ocrx_word' id='word_1_228' title='bbox 588 3869 782 3912; x_wconf 80' lang='lat' dir='ltr'>mansuescere</span> <span class='ocrx_word' id='word_1_229' title='bbox 796 3854 899 3910; x_wconf 80' lang='lat' dir='ltr'>cordat</span> 
     </span>
     <span class='ocr_line' id='line_1_40' title="bbox 124 3945 825 4024; baseline -0.011 -16"><span class='ocrx_word' id='word_1_230' title='bbox 124 3949 294 4024; x_wconf 75' lang='lat' dir='ltr'>AEggptum‚</span> <span class='ocrx_word' id='word_1_231' title='bbox 306 3950 434 4023; x_wconf 84' lang='lat' dir='ltr'>viresque</span> <span class='ocrx_word' id='word_1_232' title='bbox 446 3948 576 4017; x_wconf 83' lang='lat' dir='ltr'>Orientis,</span> <span class='ocrx_word' id='word_1_233' title='bbox 591 3957 619 4004; x_wconf 90' lang='lat' dir='ltr'>et</span> <span class='ocrx_word' id='word_1_234' title='bbox 631 3947 727 4004; x_wconf 92' lang='lat' dir='ltr'>ultima</span> <span class='ocrx_word' id='word_1_235' title='bbox 742 3945 825 4015; x_wconf 89' lang='lat' dir='ltr'>bella,</span> 
     </span>
     <span class='ocr_line' id='line_1_41' title="bbox 125 4038 896 4115; baseline -0.009 -14"><span class='ocrx_word' id='word_1_236' title='bbox 125 4043 377 4115; x_wconf 71' lang='lat' dir='ltr'>Hagnanlmosque</span> <span class='ocrx_word' id='word_1_237' title='bbox 391 4041 488 4108; x_wconf 89' lang='lat' dir='ltr'>duces,</span> <span class='ocrx_word' id='word_1_238' title='bbox 500 4049 626 4113; x_wconf 90' lang='lat' dir='ltr'>totasque</span> <span class='ocrx_word' id='word_1_239' title='bbox 636 4055 669 4096; x_wconf 82' lang='lat' dir='ltr'>es</span> <span class='ocrx_word' id='word_1_240' title='bbox 683 4038 780 4095; x_wconf 91' lang='lat' dir='ltr'>ordine</span> <span class='ocrx_word' id='word_1_241' title='bbox 790 4046 896 4111; x_wconf 88' lang='lat' dir='ltr'>gentes,</span> 
     </span>
     <span class='ocr_line' id='line_1_42' title="bbox 122 4132 813 4206; baseline -0.009 -13"><span class='ocrx_word' id='word_1_242' title='bbox 122 4135 192 4206; x_wconf 78' lang='lat' dir='ltr'>Quo</span> <span class='ocrx_word' id='word_1_243' title='bbox 205 4148 287 4192; x_wconf 90' lang='lat' dir='ltr'>eursu</span> <span class='ocrx_word' id='word_1_244' title='bbox 300 4133 410 4191; x_wconf 87' lang='lat' dir='ltr'>deserta</span> <span class='ocrx_word' id='word_1_245' title='bbox 426 4133 554 4204; x_wconf 87' lang='lat' dir='ltr'>petiverit</span> <span class='ocrx_word' id='word_1_246' title='bbox 565 4141 593 4190; x_wconf 89' lang='lat' dir='ltr'>et</span> <span class='ocrx_word' id='word_1_247' title='bbox 608 4132 695 4190; x_wconf 89' lang='lat' dir='ltr'>tribus</span> <span class='ocrx_word' id='word_1_248' title='bbox 705 4139 733 4189; x_wconf 89' lang='lat' dir='ltr'>et</span> <span class='ocrx_word' id='word_1_249' title='bbox 747 4144 813 4202; x_wconf 90' lang='lat' dir='ltr'>gens</span> 
     </span>
     <span class='ocr_line' id='line_1_43' title="bbox 122 4227 894 4303; baseline -0.006 -16"><span class='ocrx_word' id='word_1_250' title='bbox 122 4229 229 4303; x_wconf 75' lang='lat' dir='ltr'>ilsgtm</span> <span class='ocrx_word' id='word_1_251' title='bbox 240 4229 331 4287; x_wconf 83' lang='lat' dir='ltr'>virum</span> <span class='ocrx_word' id='word_1_252' title='bbox 347 4227 438 4286; x_wconf 87' lang='lat' dir='ltr'>meriti</span> <span class='ocrx_word' id='word_1_253' title='bbox 449 4227 515 4285; x_wconf 88' lang='lat' dir='ltr'>tanti</span> <span class='ocrx_word' id='word_1_254' title='bbox 530 4242 583 4284; x_wconf 92' lang='lat' dir='ltr'>noa</span> <span class='ocrx_word' id='word_1_255' title='bbox 599 4229 743 4285; x_wconf 89' lang='lat' dir='ltr'>immemor</span> <span class='ocrx_word' id='word_1_256' title='bbox 758 4239 894 4298; x_wconf 89' lang='lat' dir='ltr'>umquam.</span> 
     </span>
     <span class='ocr_line' id='line_1_44' title="bbox 121 4319 724 4394; baseline -0.012 -15"><span class='ocrx_word' id='word_1_257' title='bbox 121 4320 239 4394; x_wconf 82' lang='lat' dir='ltr'>Quique</span> <span class='ocrx_word' id='word_1_258' title='bbox 252 4321 413 4379; x_wconf 80' lang='lat' dir='ltr'>sacerdotes</span> <span class='ocrx_word' id='word_1_259' title='bbox 428 4319 519 4378; x_wconf 90' lang='lat' dir='ltr'>adsint</span> <span class='ocrx_word' id='word_1_260' title='bbox 532 4319 626 4377; x_wconf 77' lang='lat' dir='ltr'>aluric</span> <span class='ocrx_word' id='word_1_261' title='bbox 637 4319 724 4392; x_wconf 84' lang='lat' dir='ltr'>jutta,</span> 
     </span>
     <span class='ocr_line' id='line_1_45' title="bbox 119 4413 721 4488; baseline -0.003 -18"><span class='ocrx_word' id='word_1_262' title='bbox 119 4415 237 4485; x_wconf 80' lang='lat' dir='ltr'>Quique</span> <span class='ocrx_word' id='word_1_263' title='bbox 251 4413 291 4488; x_wconf 90' lang='lat' dir='ltr'>pii</span> <span class='ocrx_word' id='word_1_264' title='bbox 303 4422 379 4472; x_wconf 84' lang='lat' dir='ltr'>vates</span> <span class='ocrx_word' id='word_1_265' title='bbox 391 4427 442 4486; x_wconf 90' lang='lat' dir='ltr'>pro</span> <span class='ocrx_word' id='word_1_266' title='bbox 455 4414 583 4472; x_wconf 88' lang='lat' dir='ltr'>libertate</span> <span class='ocrx_word' id='word_1_267' title='bbox 596 4413 721 4472; x_wconf 89' lang='lat' dir='ltr'>ruebant.</span> 
     </span>
     <span class='ocr_line' id='line_1_46' title="bbox 121 4506 750 4580; baseline -0.003 -16"><span class='ocrx_word' id='word_1_268' title='bbox 121 4507 182 4578; x_wconf 78' lang='lat' dir='ltr'>Qui</span> <span class='ocrx_word' id='word_1_269' title='bbox 196 4506 273 4565; x_wconf 89' lang='lat' dir='ltr'>bello</span> <span class='ocrx_word' id='word_1_270' title='bbox 282 4507 364 4566; x_wconf 84' lang='lat' dir='ltr'>exciti</span> <span class='ocrx_word' id='word_1_271' title='bbox 373 4522 463 4580; x_wconf 88' lang='lat' dir='ltr'>reges,</span> <span class='ocrx_word' id='word_1_272' title='bbox 474 4523 538 4580; x_wconf 76' lang='lat' dir='ltr'>que</span> <span class='ocrx_word' id='word_1_273' title='bbox 548 4508 640 4565; x_wconf 91' lang='lat' dir='ltr'>littore</span> <span class='ocrx_word' id='word_1_274' title='bbox 654 4507 750 4564; x_wconf 87' lang='lat' dir='ltr'>liubro</span> 
     </span>
     <span class='ocr_line' id='line_1_47' title="bbox 117 4598 850 4671; baseline -0.003 -14"><span class='ocrx_word' id='word_1_275' title='bbox 117 4599 304 4671; x_wconf 86' lang='lat' dir='ltr'>Compleritat</span> <span class='ocrx_word' id='word_1_276' title='bbox 313 4613 426 4670; x_wconf 86' lang='lat' dir='ltr'>campos</span> <span class='ocrx_word' id='word_1_277' title='bbox 438 4600 523 4668; x_wconf 85' lang='lat' dir='ltr'>acies,</span> <span class='ocrx_word' id='word_1_278' title='bbox 538 4600 638 4670; x_wconf 91' lang='lat' dir='ltr'>quibus</span> <span class='ocrx_word' id='word_1_279' title='bbox 651 4599 753 4656; x_wconf 87' lang='lat' dir='ltr'>arserit</span> <span class='ocrx_word' id='word_1_280' title='bbox 763 4598 850 4655; x_wconf 90' lang='lat' dir='ltr'>armis</span> 
     </span>
     <span class='ocr_line' id='line_1_48' title="bbox 118 4688 861 4764; baseline -0.004 -14"><span class='ocrx_word' id='word_1_281' title='bbox 118 4691 186 4749; x_wconf 77' lang='lat' dir='ltr'>Rex</span> <span class='ocrx_word' id='word_1_282' title='bbox 201 4704 292 4764; x_wconf 88' lang='lat' dir='ltr'>genus</span> <span class='ocrx_word' id='word_1_283' title='bbox 304 4691 444 4764; x_wconf 86' lang='lat' dir='ltr'>egregium</span> <span class='ocrx_word' id='word_1_284' title='bbox 457 4704 560 4764; x_wconf 92' lang='lat' dir='ltr'>magno</span> <span class='ocrx_word' id='word_1_285' title='bbox 573 4688 760 4747; x_wconf 83' lang='lat' dir='ltr'>inflammante</span> <span class='ocrx_word' id='word_1_286' title='bbox 770 4689 861 4747; x_wconf 86' lang='lat' dir='ltr'>lurore</span> 
     </span>
     <span class='ocr_line' id='line_1_49' title="bbox 118 4783 878 4858; baseline -0.005 -17"><span class='ocrx_word' id='word_1_287' title='bbox 118 4788 236 4858; x_wconf 80' lang='lat' dir='ltr'>Agmett</span> <span class='ocrx_word' id='word_1_288' title='bbox 246 4797 332 4857; x_wconf 78' lang='lat' dir='ltr'>agens</span> <span class='ocrx_word' id='word_1_289' title='bbox 343 4783 477 4856; x_wconf 87' lang='lat' dir='ltr'>equitum,</span> <span class='ocrx_word' id='word_1_290' title='bbox 493 4793 522 4841; x_wconf 91' lang='lat' dir='ltr'>et</span> <span class='ocrx_word' id='word_1_291' title='bbox 534 4783 664 4841; x_wconf 87' lang='lat' dir='ltr'>llorentes</span> <span class='ocrx_word' id='word_1_292' title='bbox 678 4798 734 4840; x_wconf 88' lang='lat' dir='ltr'>aete</span> <span class='ocrx_word' id='word_1_293' title='bbox 745 4793 878 4840; x_wconf 88' lang='lat' dir='ltr'>cateruas.</span> 
     </span>
     <span class='ocr_line' id='line_1_50' title="bbox 114 4874 878 4948; baseline -0.005 -14"><span class='ocrx_word' id='word_1_294' title='bbox 114 4874 234 4934; x_wconf 71' lang='lat' dir='ltr'>catera</span> <span class='ocrx_word' id='word_1_295' title='bbox 245 4874 318 4933; x_wconf 79' lang='lat' dir='ltr'>laeta</span> <span class='ocrx_word' id='word_1_296' title='bbox 334 4883 459 4948; x_wconf 87' lang='lat' dir='ltr'>patmm‚</span> <span class='ocrx_word' id='word_1_297' title='bbox 472 4883 646 4948; x_wconf 73' lang='lat' dir='ltr'>pugnataque</span> <span class='ocrx_word' id='word_1_298' title='bbox 659 4875 686 4931; x_wconf 93' lang='lat' dir='ltr'>in</span> <span class='ocrx_word' id='word_1_299' title='bbox 699 4875 795 4932; x_wconf 88' lang='lat' dir='ltr'>ordina</span> <span class='ocrx_word' id='word_1_300' title='bbox 809 4875 878 4933; x_wconf 84' lang='lat' dir='ltr'>bella</span> 
     </span>
     <span class='ocr_line' id='line_1_51' title="bbox 113 4966 931 5041; baseline 0 -16"><span class='ocrx_word' id='word_1_301' title='bbox 113 4967 283 5039; x_wconf 68' lang='lat' dir='ltr'>Pretereo,</span> <span class='ocrx_word' id='word_1_302' title='bbox 298 4977 381 5041; x_wconf 80' lang='lat' dir='ltr'>atque</span> <span class='ocrx_word' id='word_1_303' title='bbox 395 4968 458 5026; x_wconf 88' lang='lat' dir='ltr'>aliis</span> <span class='ocrx_word' id='word_1_304' title='bbox 468 4977 532 5040; x_wconf 89' lang='lat' dir='ltr'>pest</span> <span class='ocrx_word' id='word_1_305' title='bbox 550 4983 594 5024; x_wconf 93' lang='lat' dir='ltr'>me</span> <span class='ocrx_word' id='word_1_306' title='bbox 606 4966 785 5025; x_wconf 87' lang='lat' dir='ltr'>memoranda</span> <span class='ocrx_word' id='word_1_307' title='bbox 796 4968 931 5040; x_wconf 91' lang='lat' dir='ltr'>relinquo.</span> 
     </span>
    </p>
   </div>
   <div class='ocr_carea' id='block_1_7' title="bbox 395 5100 676 5162">
    <p class='ocr_par' dir='ltr' id='par_1_17' title="bbox 395 5100 676 5162">
     <span class='ocr_line' id='line_1_52' title="bbox 395 5100 676 5162; baseline -0.014 -1"><span class='ocrx_word' id='word_1_308' title='bbox 395 5102 486 5162; x_wconf 77' lang='lat' dir='ltr'>Patts</span> <span class='ocrx_word' id='word_1_309' title='bbox 503 5100 676 5162; x_wconf 76' lang='lat' dir='ltr'>SECUNDA.</span> 
     </span>
    </p>
   </div>
   <div class='ocr_carea' id='block_1_8' title="bbox 369 5236 699 5393">
    <p class='ocr_par' dir='ltr' id='par_1_18' title="bbox 369 5236 699 5393">
     <span class='ocr_line' id='line_1_53' title="bbox 369 5236 699 5282; baseline -0.009 -2"><span class='ocrx_word' id='word_1_310' title='bbox 369 5239 404 5280; x_wconf 84' lang='lat' dir='ltr'>oe</span> <span class='ocrx_word' id='word_1_311' title='bbox 422 5237 493 5282; x_wconf 86' lang='lat' dir='ltr'>novo</span> <span class='ocrx_word' id='word_1_312' title='bbox 511 5236 699 5280; x_wconf 73' lang='lat' dir='ltr'>assumento,</span> 
     </span>
     <span class='ocr_line' id='line_1_54' title="bbox 386 5334 678 5393; baseline 0 -2"><span class='ocrx_word' id='word_1_313' title='bbox 386 5335 521 5393; x_wconf 80' lang='lat' dir='ltr'>Inuocotio</span> <span class='ocrx_word' id='word_1_314' title='bbox 536 5337 571 5392; x_wconf 86' lang='lat' dir='ltr'>od</span> <span class='ocrx_word' id='word_1_315' title='bbox 583 5334 678 5391; x_wconf 77' lang='lat' dir='ltr'>Dentur.</span> 
     </span>
    </p>
   </div>
   <div class='ocr_carea' id='block_1_9' title="bbox 101 5449 932 5525">
    <p class='ocr_par' dir='ltr' id='par_1_19' title="bbox 101 5449 932 5525">
     <span class='ocr_line' id='line_1_55' title="bbox 101 5449 932 5525; baseline -0.006 -13"><span class='ocrx_word' id='word_1_316' title='bbox 101 5449 205 5512; x_wconf 69' lang='lat' dir='ltr'>Nune</span> <span class='ocrx_word' id='word_1_317' title='bbox 217 5451 254 5509; x_wconf 87' lang='lat' dir='ltr'>ad</span> <span class='ocrx_word' id='word_1_318' title='bbox 271 5461 309 5521; x_wconf 90' lang='lat' dir='ltr'>te,</span> <span class='ocrx_word' id='word_1_319' title='bbox 326 5459 354 5509; x_wconf 89' lang='lat' dir='ltr'>at</span> <span class='ocrx_word' id='word_1_320' title='bbox 368 5461 426 5520; x_wconf 89' lang='lat' dir='ltr'>tua,</span> <span class='ocrx_word' id='word_1_321' title='bbox 441 5464 541 5525; x_wconf 90' lang='lat' dir='ltr'>magne</span> <span class='ocrx_word' id='word_1_322' title='bbox 553 5452 646 5523; x_wconf 89' lang='lat' dir='ltr'>Pater,</span> <span class='ocrx_word' id='word_1_323' title='bbox 661 5451 785 5509; x_wconf 80' lang='lat' dir='ltr'>consulta</span> <span class='ocrx_word' id='word_1_324' title='bbox 799 5460 932 5508; x_wconf 79' lang='lat' dir='ltr'>revertor.</span> 
     </span>
    </p>
   </div>
   <div class='ocr_carea' id='block_1_10' title="bbox 91 5543 898 5804">
    <p class='ocr_par' dir='ltr' id='par_1_20' title="bbox 91 5543 898 5804">
     <span class='ocr_line' id='line_1_56' title="bbox 98 5543 812 5619; baseline -0.007 -14"><span class='ocrx_word' id='word_1_325' title='bbox 98 5544 216 5619; x_wconf 67' lang='lat' dir='ltr'>Heius</span> <span class='ocrx_word' id='word_1_326' title='bbox 227 5559 301 5618; x_wconf 85' lang='lat' dir='ltr'>opus</span> <span class='ocrx_word' id='word_1_327' title='bbox 315 5559 425 5613; x_wconf 83' lang='lat' dir='ltr'>morso.</span> <span class='ocrx_word' id='word_1_328' title='bbox 438 5552 531 5602; x_wconf 85' lang='lat' dir='ltr'>ratum</span> <span class='ocrx_word' id='word_1_329' title='bbox 547 5543 678 5616; x_wconf 84' lang='lat' dir='ltr'>praedicta</span> <span class='ocrx_word' id='word_1_330' title='bbox 690 5545 812 5617; x_wconf 88' lang='lat' dir='ltr'>priorum</span> 
     </span>
     <span class='ocr_line' id='line_1_57' title="bbox 91 5635 774 5712; baseline -0.01 -12"><span class='ocrx_word' id='word_1_331' title='bbox 91 5636 297 5710; x_wconf 71' lang='lat' dir='ltr'>Aggredior,</span> <span class='ocrx_word' id='word_1_332' title='bbox 311 5636 438 5711; x_wconf 79' lang='lat' dir='ltr'>quamvis</span> <span class='ocrx_word' id='word_1_333' title='bbox 451 5637 562 5712; x_wconf 86' lang='lat' dir='ltr'>angusti</span> <span class='ocrx_word' id='word_1_334' title='bbox 575 5636 710 5694; x_wconf 84' lang='lat' dir='ltr'>terminus</span> <span class='ocrx_word' id='word_1_335' title='bbox 723 5635 774 5693; x_wconf 80' lang='lat' dir='ltr'>eri</span> 
     </span>
     <span class='ocr_line' id='line_1_58' title="bbox 91 5729 898 5804; baseline -0.005 -11"><span class='ocrx_word' id='word_1_336' title='bbox 91 5729 267 5804; x_wconf 73' lang='lat' dir='ltr'>Aeetptn,</span> <span class='ocrx_word' id='word_1_337' title='bbox 279 5730 409 5788; x_wconf 85' lang='lat' dir='ltr'>tentanda</span> <span class='ocrx_word' id='word_1_338' title='bbox 423 5731 468 5788; x_wconf 86' lang='lat' dir='ltr'>via</span> <span class='ocrx_word' id='word_1_339' title='bbox 482 5738 536 5801; x_wconf 85' lang='lat' dir='ltr'>est,</span> <span class='ocrx_word' id='word_1_340' title='bbox 550 5744 603 5803; x_wconf 85' lang='lat' dir='ltr'>qua</span> <span class='ocrx_word' id='word_1_341' title='bbox 618 5745 663 5788; x_wconf 91' lang='lat' dir='ltr'>me</span> <span class='ocrx_word' id='word_1_342' title='bbox 673 5744 782 5803; x_wconf 88' lang='lat' dir='ltr'>quoque</span> <span class='ocrx_word' id='word_1_343' title='bbox 796 5730 898 5803; x_wconf 85' lang='lat' dir='ltr'>possim</span> 
     </span>
    </p>
   </div>
   <div class='ocr_carea' id='block_1_11' title="bbox 279 5823 534 5891">
    <p class='ocr_par' dir='ltr' id='par_1_21' title="bbox 279 5823 534 5891">
     <span class='ocr_line' id='line_1_59' title="bbox 279 5823 534 5891; baseline -0.012 -1"><span class='ocrx_word' id='word_1_344' title='bbox 279 5826 419 5891; x_wconf 80' lang='lat' dir='ltr'>Parnes.</span> <span class='ocrx_word' id='word_1_345' title='bbox 442 5823 534 5889; x_wconf 83' lang='lat' dir='ltr'>xlx.</span> 
     </span>
    </p>
   </div>
   <div class='ocr_carea' id='block_1_12' title="bbox 767 205 1776 401">
    <p class='ocr_par' dir='ltr' id='par_1_22' title="bbox 767 205 1776 401">
     <span class='ocr_line' id='line_1_60' title="bbox 767 205 1166 269; baseline -0.003 -3"><span class='ocrx_word' id='word_1_346' title='bbox 767 205 950 269; x_wconf 67' lang='lat' dir='ltr'>cenobius</span> <span class='ocrx_word' id='word_1_347' title='bbox 968 208 1166 268; x_wconf 76' lang='lat' dir='ltr'>vlttcttltbt.</span> 
     </span>
     <span class='ocr_line' id='line_1_61' title="bbox 957 323 1776 401; baseline 0.006 -21"><span class='ocrx_word' id='word_1_348' title='bbox 957 327 977 386; x_wconf 85' lang='grc' dir='ltr'><strong>Λ</strong></span> <span class='ocrx_word' id='word_1_349' title='bbox 993 325 1102 381; x_wconf 80' lang='lat' dir='ltr'>Tollere</span> <span class='ocrx_word' id='word_1_350' title='bbox 1117 323 1211 392; x_wconf 75' lang='lat' dir='ltr'>inimo,</span> <span class='ocrx_word' id='word_1_351' title='bbox 1229 334 1254 381; x_wconf 91' lang='lat' dir='ltr'>et</span> <span class='ocrx_word' id='word_1_352' title='bbox 1271 339 1369 380; x_wconf 43' lang='lat' dir='ltr'>naiman</span> <span class='ocrx_word' id='word_1_353' title='bbox 1383 326 1455 381; x_wconf 79' lang='lat' dir='ltr'>larum</span> <span class='ocrx_word' id='word_1_354' title='bbox 1470 334 1510 383; x_wconf 91' lang='lat' dir='ltr'>tot</span> <span class='ocrx_word' id='word_1_355' title='bbox 1524 326 1596 385; x_wconf 88' lang='lat' dir='ltr'>lerre</span> <span class='ocrx_word' id='word_1_356' title='bbox 1612 343 1659 401; x_wconf 86' lang='lat' dir='ltr'>per</span> <span class='ocrx_word' id='word_1_357' title='bbox 1673 344 1776 397; x_wconf 78' lang='lat' dir='ltr'>amaros,</span> 
     </span>
    </p>
   </div>
   <div class='ocr_carea' id='block_1_13' title="bbox 1741 214 1795 273">
    <p class='ocr_par' dir='ltr' id='par_1_23' title="bbox 1741 214 1795 273">
     <span class='ocr_line' id='line_1_62' title="bbox 1741 214 1795 273; baseline 0 -1"><span class='ocrx_word' id='word_1_358' title='bbox 1741 214 1795 273; x_wconf 83' lang='grc'>810</span> 
     </span>
    </p>
   </div>
   <div class='ocr_carea' id='block_1_14' title="bbox 992 417 1795 1697">
    <p class='ocr_par' dir='ltr' id='par_1_24' title="bbox 992 417 1795 1697">
     <span class='ocr_line' id='line_1_63' title="bbox 995 417 1665 488; baseline 0.006 -16"><span class='ocrx_word' id='word_1_359' title='bbox 995 418 1074 486; x_wconf 81' lang='lat' dir='ltr'>Qtrod</span> <span class='ocrx_word' id='word_1_360' title='bbox 1089 427 1132 474; x_wconf 89' lang='lat' dir='ltr'>tna</span> <span class='ocrx_word' id='word_1_361' title='bbox 1147 418 1290 488; x_wconf 86' lang='lat' dir='ltr'>progenies</span> <span class='ocrx_word' id='word_1_362' title='bbox 1303 418 1373 475; x_wconf 80' lang='lat' dir='ltr'>coelo</span> <span class='ocrx_word' id='word_1_363' title='bbox 1388 417 1529 475; x_wconf 84' lang='lat' dir='ltr'>descendit</span> <span class='ocrx_word' id='word_1_364' title='bbox 1543 419 1577 475; x_wconf 91' lang='lat' dir='ltr'>ab</span> <span class='ocrx_word' id='word_1_365' title='bbox 1591 421 1665 488; x_wconf 85' lang='lat' dir='ltr'>alto,</span> 
     </span>
     <span class='ocr_line' id='line_1_64' title="bbox 995 509 1648 582; baseline 0.005 -17"><span class='ocrx_word' id='word_1_366' title='bbox 995 509 1094 565; x_wconf 76' lang='lat' dir='ltr'>Attulit</span> <span class='ocrx_word' id='word_1_367' title='bbox 1107 518 1135 567; x_wconf 87' lang='lat' dir='ltr'>el</span> <span class='ocrx_word' id='word_1_368' title='bbox 1155 511 1235 567; x_wconf 85' lang='lat' dir='ltr'>uobis</span> <span class='ocrx_word' id='word_1_369' title='bbox 1249 511 1394 582; x_wconf 85' lang='lat' dir='ltr'>aliqnando</span> <span class='ocrx_word' id='word_1_370' title='bbox 1409 513 1567 581; x_wconf 84' lang='lat' dir='ltr'>optantibus</span> <span class='ocrx_word' id='word_1_371' title='bbox 1581 521 1648 569; x_wconf 78' lang='lat' dir='ltr'>mlas</span> 
     </span>
     <span class='ocr_line' id='line_1_65' title="bbox 995 602 1757 678; baseline 0.012 -21"><span class='ocrx_word' id='word_1_372' title='bbox 995 602 1131 658; x_wconf 81' lang='lat' dir='ltr'>Auxilium</span> <span class='ocrx_word' id='word_1_373' title='bbox 1146 605 1347 676; x_wconf 75' lang='lat' dir='ltr'>adventumque</span> <span class='ocrx_word' id='word_1_374' title='bbox 1362 604 1410 661; x_wconf 85' lang='lat' dir='ltr'>llei</span> <span class='ocrx_word' id='word_1_375' title='bbox 1428 621 1511 662; x_wconf 89' lang='lat' dir='ltr'>:cnm</span> <span class='ocrx_word' id='word_1_376' title='bbox 1527 606 1627 663; x_wconf 86' lang='lat' dir='ltr'>lentina</span> <span class='ocrx_word' id='word_1_377' title='bbox 1641 609 1757 678; x_wconf 89' lang='lat' dir='ltr'>primunt</span> 
     </span>
     <span class='ocr_line' id='line_1_66' title="bbox 995 694 1721 770; baseline 0.008 -21"><span class='ocrx_word' id='word_1_378' title='bbox 995 694 1114 766; x_wconf 76' lang='lat' dir='ltr'>Virginis</span> <span class='ocrx_word' id='word_1_379' title='bbox 1127 712 1160 754; x_wconf 90' lang='lat' dir='ltr'>os</span> <span class='ocrx_word' id='word_1_380' title='bbox 1173 697 1351 769; x_wconf 85' lang='lat' dir='ltr'>habitumque</span> <span class='ocrx_word' id='word_1_381' title='bbox 1365 712 1475 770; x_wconf 79' lang='lat' dir='ltr'>gerens,</span> <span class='ocrx_word' id='word_1_382' title='bbox 1491 700 1617 755; x_wconf 84' lang='lat' dir='ltr'>ntirabilc</span> <span class='ocrx_word' id='word_1_383' title='bbox 1632 700 1721 758; x_wconf 83' lang='lat' dir='ltr'>dietat</span> 
     </span>
     <span class='ocr_line' id='line_1_67' title="bbox 996 787 1720 862; baseline 0.007 -19"><span class='ocrx_word' id='word_1_384' title='bbox 996 787 1054 845; x_wconf 87' lang='lat' dir='ltr'>Nco</span> <span class='ocrx_word' id='word_1_385' title='bbox 1068 790 1177 861; x_wconf 87' lang='lat' dir='ltr'>generis</span> <span class='ocrx_word' id='word_1_386' title='bbox 1192 792 1277 847; x_wconf 84' lang='lat' dir='ltr'>nostri</span> <span class='ocrx_word' id='word_1_387' title='bbox 1291 806 1418 861; x_wconf 89' lang='lat' dir='ltr'>pnemnn,</span> <span class='ocrx_word' id='word_1_388' title='bbox 1435 807 1484 847; x_wconf 86' lang='lat' dir='ltr'>nec</span> <span class='ocrx_word' id='word_1_389' title='bbox 1498 792 1640 862; x_wconf 83' lang='lat' dir='ltr'>snrguinis</span> <span class='ocrx_word' id='word_1_390' title='bbox 1654 793 1720 849; x_wconf 86' lang='lat' dir='ltr'>edit.</span> 
     </span>
     <span class='ocr_line' id='line_1_68' title="bbox 994 880 1636 953; baseline 0.006 -15"><span class='ocrx_word' id='word_1_391' title='bbox 994 880 1049 938; x_wconf 91' lang='lat' dir='ltr'>Scd</span> <span class='ocrx_word' id='word_1_392' title='bbox 1064 880 1125 953; x_wconf 88' lang='lat' dir='ltr'>quia</span> <span class='ocrx_word' id='word_1_393' title='bbox 1142 882 1262 942; x_wconf 88' lang='lat' dir='ltr'>terrilico</span> <span class='ocrx_word' id='word_1_394' title='bbox 1276 884 1437 939; x_wconf 86' lang='lat' dir='ltr'>cecinerunt</span> <span class='ocrx_word' id='word_1_395' title='bbox 1454 884 1545 939; x_wconf 79' lang='lat' dir='ltr'>oratioe</span> <span class='ocrx_word' id='word_1_396' title='bbox 1559 896 1636 941; x_wconf 76' lang='lat' dir='ltr'>tutes</span> 
     </span>
     <span class='ocr_line' id='line_1_69' title="bbox 992 973 1685 1047; baseline 0.004 -19"><span class='ocrx_word' id='word_1_397' title='bbox 992 973 1152 1030; x_wconf 74' lang='lat' dir='ltr'>Adventare</span> <span class='ocrx_word' id='word_1_398' title='bbox 1164 974 1250 1029; x_wconf 89' lang='lat' dir='ltr'>vivunt</span> <span class='ocrx_word' id='word_1_399' title='bbox 1268 976 1374 1046; x_wconf 83' lang='lat' dir='ltr'>populis</span> <span class='ocrx_word' id='word_1_400' title='bbox 1390 976 1525 1047; x_wconf 67' lang='lat' dir='ltr'>terrisque</span> <span class='ocrx_word' id='word_1_401' title='bbox 1539 979 1685 1046; x_wconf 88' lang='lat' dir='ltr'>superbum</span> 
     </span>
     <span class='ocr_line' id='line_1_70' title="bbox 993 1064 1738 1140; baseline 0.004 -19"><span class='ocrx_word' id='word_1_402' title='bbox 993 1064 1103 1123; x_wconf 84' lang='lat' dir='ltr'>Semina</span> <span class='ocrx_word' id='word_1_403' title='bbox 1118 1066 1152 1121; x_wconf 87' lang='lat' dir='ltr'>ab</span> <span class='ocrx_word' id='word_1_404' title='bbox 1167 1066 1303 1134; x_wconf 75' lang='lat' dir='ltr'>ethereo,</span> <span class='ocrx_word' id='word_1_405' title='bbox 1319 1067 1364 1138; x_wconf 90' lang='lat' dir='ltr'>qni</span> <span class='ocrx_word' id='word_1_406' title='bbox 1380 1067 1485 1124; x_wconf 83' lang='lat' dir='ltr'>viribus</span> <span class='ocrx_word' id='word_1_407' title='bbox 1500 1079 1613 1140; x_wconf 87' lang='lat' dir='ltr'>occupet</span> <span class='ocrx_word' id='word_1_408' title='bbox 1627 1072 1738 1139; x_wconf 85' lang='lat' dir='ltr'>orbem,</span> 
     </span>
     <span class='ocr_line' id='line_1_71' title="bbox 994 1157 1782 1231; baseline 0.01 -19"><span class='ocrx_word' id='word_1_409' title='bbox 994 1157 1140 1231; x_wconf 84' lang='lat' dir='ltr'>imperium</span> <span class='ocrx_word' id='word_1_410' title='bbox 1158 1160 1279 1228; x_wconf 85' lang='lat' dir='ltr'>Oceano,</span> <span class='ocrx_word' id='word_1_411' title='bbox 1296 1159 1395 1215; x_wconf 76' lang='lat' dir='ltr'>latriam</span> <span class='ocrx_word' id='word_1_412' title='bbox 1411 1160 1455 1230; x_wconf 90' lang='lat' dir='ltr'>qni</span> <span class='ocrx_word' id='word_1_413' title='bbox 1472 1162 1602 1217; x_wconf 83' lang='lat' dir='ltr'>terminet</span> <span class='ocrx_word' id='word_1_414' title='bbox 1615 1164 1708 1220; x_wconf 87' lang='lat' dir='ltr'>astris.</span> <span class='ocrx_word' id='word_1_415' title='bbox 1778 1169 1782 1181; x_wconf 73' lang='lat'><em>¹</em></span> 
     </span>
     <span class='ocr_line' id='line_1_72' title="bbox 1192 1250 1592 1309; baseline 0.01 -4"><span class='ocrx_word' id='word_1_416' title='bbox 1192 1250 1232 1306; x_wconf 86' lang='lat' dir='ltr'>De</span> <span class='ocrx_word' id='word_1_417' title='bbox 1248 1250 1393 1306; x_wconf 84' lang='lat' dir='ltr'>Notiuilnle</span> <span class='ocrx_word' id='word_1_418' title='bbox 1406 1250 1469 1306; x_wconf 72' lang='lat' dir='ltr'>Iesu</span> <span class='ocrx_word' id='word_1_419' title='bbox 1487 1253 1592 1309; x_wconf 82' lang='lat' dir='ltr'>Clna‘stt‘.</span> 
     </span>
     <span class='ocr_line' id='line_1_73' title="bbox 1027 1340 1795 1419; baseline 0.01 -22"><span class='ocrx_word' id='word_1_420' title='bbox 1027 1340 1143 1412; x_wconf 81' lang='lat' dir='ltr'>lamque</span> <span class='ocrx_word' id='word_1_421' title='bbox 1158 1342 1251 1398; x_wconf 86' lang='lat' dir='ltr'>aderat</span> <span class='ocrx_word' id='word_1_422' title='bbox 1274 1344 1409 1414; x_wconf 85' lang='lat' dir='ltr'>promissa</span> <span class='ocrx_word' id='word_1_423' title='bbox 1431 1344 1501 1411; x_wconf 87' lang='lat' dir='ltr'>dics,</span> <span class='ocrx_word' id='word_1_424' title='bbox 1517 1360 1572 1416; x_wconf 91' lang='lat' dir='ltr'>quo</span> <span class='ocrx_word' id='word_1_425' title='bbox 1597 1355 1717 1418; x_wconf 87' lang='lat' dir='ltr'>tempore</span> <span class='ocrx_word' id='word_1_426' title='bbox 1740 1351 1795 1419; x_wconf 88' lang='lat' dir='ltr'>pri·</span> 
     </span>
     <span class='ocr_line' id='line_1_74' title="bbox 1677 1442 1763 1514; baseline 0.058 -21"><span class='ocrx_word' id='word_1_427' title='bbox 1677 1442 1763 1514; x_wconf 79' lang='lat' dir='ltr'>[ntum</span> 
     </span>
     <span class='ocr_line' id='line_1_75' title="bbox 992 1529 1577 1605; baseline 0.007 -21"><span class='ocrx_word' id='word_1_428' title='bbox 992 1529 1096 1585; x_wconf 79' lang='lat' dir='ltr'>Extulit</span> <span class='ocrx_word' id='word_1_429' title='bbox 1110 1545 1142 1586; x_wconf 92' lang='lat' dir='ltr'>os</span> <span class='ocrx_word' id='word_1_430' title='bbox 1157 1544 1263 1585; x_wconf 92' lang='lat' dir='ltr'>sacrum</span> <span class='ocrx_word' id='word_1_431' title='bbox 1278 1529 1376 1585; x_wconf 73' lang='lat' dir='ltr'>dit-ine</span> <span class='ocrx_word' id='word_1_432' title='bbox 1390 1531 1486 1602; x_wconf 80' lang='lat' dir='ltr'>stirpis</span> <span class='ocrx_word' id='word_1_433' title='bbox 1499 1533 1577 1605; x_wconf 86' lang='lat' dir='ltr'>origo</span> 
     </span>
     <span class='ocr_line' id='line_1_76' title="bbox 992 1622 1693 1697; baseline 0.007 -19"><span class='ocrx_word' id='word_1_434' title='bbox 992 1622 1074 1678; x_wconf 81' lang='lat' dir='ltr'>Missa</span> <span class='ocrx_word' id='word_1_435' title='bbox 1090 1622 1141 1678; x_wconf 90' lang='lat' dir='ltr'>snb</span> <span class='ocrx_word' id='word_1_436' title='bbox 1155 1622 1280 1692; x_wconf 88' lang='lat' dir='ltr'>imperio,</span> <span class='ocrx_word' id='word_1_437' title='bbox 1295 1623 1423 1694; x_wconf 82' lang='lat' dir='ltr'>vertitque</span> <span class='ocrx_word' id='word_1_438' title='bbox 1436 1625 1462 1679; x_wconf 93' lang='lat' dir='ltr'>in</span> <span class='ocrx_word' id='word_1_439' title='bbox 1477 1639 1591 1697; x_wconf 88' lang='lat' dir='ltr'>corporo</span> <span class='ocrx_word' id='word_1_440' title='bbox 1607 1627 1693 1683; x_wconf 87' lang='lat' dir='ltr'>uirtus</span> 
     </span>
    </p>
   </div>
   <div class='ocr_carea' id='block_1_15' title="bbox 951 1709 1612 1790">
    <p class='ocr_par' dir='ltr' id='par_1_25' title="bbox 951 1709 1612 1790">
     <span class='ocr_line' id='line_1_77' title="bbox 951 1709 1612 1790; baseline 0.008 -19"><span class='ocrx_word' id='word_1_441' title='bbox 951 1709 978 1771; x_wconf 89' lang='lat' dir='ltr'>B</span> <span class='ocrx_word' id='word_1_442' title='bbox 992 1711 1069 1771; x_wconf 84' lang='lat' dir='ltr'>tttsn</span> <span class='ocrx_word' id='word_1_443' title='bbox 1088 1714 1153 1782; x_wconf 86' lang='lat' dir='ltr'>ttcn,</span> <span class='ocrx_word' id='word_1_444' title='bbox 1168 1715 1251 1770; x_wconf 89' lang='lat' dir='ltr'>subiit</span> <span class='ocrx_word' id='word_1_445' title='bbox 1264 1713 1340 1771; x_wconf 89' lang='lat' dir='ltr'>chari</span> <span class='ocrx_word' id='word_1_446' title='bbox 1354 1715 1493 1773; x_wconf 87' lang='lat' dir='ltr'>Genitoris</span> <span class='ocrx_word' id='word_1_447' title='bbox 1511 1719 1612 1790; x_wconf 91' lang='lat' dir='ltr'>imago.</span> 
     </span>
    </p>
   </div>
   <div class='ocr_carea' id='block_1_16' title="bbox 1243 1827 1538 1902">
    <p class='ocr_par' dir='ltr' id='par_1_26' title="bbox 1243 1827 1538 1902">
     <span class='ocr_line' id='line_1_78' title="bbox 1243 1827 1538 1902; baseline 0.02 -20"><span class='ocrx_word' id='word_1_448' title='bbox 1243 1827 1281 1883; x_wconf 86' lang='lat' dir='ltr'>De</span> <span class='ocrx_word' id='word_1_449' title='bbox 1299 1827 1384 1886; x_wconf 81' lang='lat' dir='ltr'>stelin</span> <span class='ocrx_word' id='word_1_450' title='bbox 1398 1839 1421 1885; x_wconf 89' lang='lat' dir='ltr'>cl</span> <span class='ocrx_word' id='word_1_451' title='bbox 1438 1830 1538 1902; x_wconf 80' lang='lat' dir='ltr'>Magis.</span> 
     </span>
    </p>
   </div>
   <div class='ocr_carea' id='block_1_17' title="bbox 988 1939 1726 2574">
    <p class='ocr_par' dir='ltr' id='par_1_27' title="bbox 988 1939 1726 2574">
     <span class='ocr_line' id='line_1_79' title="bbox 1026 1939 1680 2015; baseline 0.014 -20"><span class='ocrx_word' id='word_1_452' title='bbox 1026 1939 1104 1996; x_wconf 88' lang='lat' dir='ltr'>llaud</span> <span class='ocrx_word' id='word_1_453' title='bbox 1121 1956 1208 2010; x_wconf 86' lang='lat' dir='ltr'>vnum,</span> <span class='ocrx_word' id='word_1_454' title='bbox 1227 1942 1359 1997; x_wconf 87' lang='lat' dir='ltr'>continuo</span> <span class='ocrx_word' id='word_1_455' title='bbox 1374 1941 1437 1999; x_wconf 87' lang='lat' dir='ltr'>coeli</span> <span class='ocrx_word' id='word_1_456' title='bbox 1452 1944 1564 2015; x_wconf 75' lang='lat' dir='ltr'>regione</span> <span class='ocrx_word' id='word_1_457' title='bbox 1582 1959 1680 2004; x_wconf 88' lang='lat' dir='ltr'>serena</span> 
     </span>
     <span class='ocr_line' id='line_1_80' title="bbox 989 2032 1692 2105; baseline 0.007 -13"><span class='ocrx_word' id='word_1_458' title='bbox 989 2033 1075 2092; x_wconf 88' lang='lat' dir='ltr'>Stella</span> <span class='ocrx_word' id='word_1_459' title='bbox 1091 2032 1178 2090; x_wconf 88' lang='lat' dir='ltr'>lacem</span> <span class='ocrx_word' id='word_1_460' title='bbox 1194 2034 1298 2090; x_wconf 88' lang='lat' dir='ltr'>ducens</span> <span class='ocrx_word' id='word_1_461' title='bbox 1313 2050 1411 2105; x_wconf 78' lang='lat' dir='ltr'>taragna</span> <span class='ocrx_word' id='word_1_462' title='bbox 1426 2053 1487 2092; x_wconf 88' lang='lat' dir='ltr'>cunt</span> <span class='ocrx_word' id='word_1_463' title='bbox 1502 2037 1561 2095; x_wconf 89' lang='lat' dir='ltr'>lnce</span> <span class='ocrx_word' id='word_1_464' title='bbox 1577 2039 1692 2097; x_wconf 77' lang='lat' dir='ltr'>refulsit.</span> 
     </span>
     <span class='ocr_line' id='line_1_81' title="bbox 989 2123 1685 2204; baseline 0.016 -24"><span class='ocrx_word' id='word_1_465' title='bbox 989 2124 1134 2197; x_wconf 75' lang='lat' dir='ltr'>Agnomre</span> <span class='ocrx_word' id='word_1_466' title='bbox 1149 2126 1233 2182; x_wconf 86' lang='lat' dir='ltr'>[lenm</span> <span class='ocrx_word' id='word_1_467' title='bbox 1249 2142 1387 2197; x_wconf 84' lang='lat' dir='ltr'>proceres,</span> <span class='ocrx_word' id='word_1_468' title='bbox 1410 2131 1556 2203; x_wconf 90' lang='lat' dir='ltr'>ettnclique</span> <span class='ocrx_word' id='word_1_469' title='bbox 1570 2123 1685 2204; x_wconf 88' lang='lat' dir='ltr'>repente</span> 
     </span>
     <span class='ocr_line' id='line_1_82' title="bbox 989 2217 1726 2290; baseline 0.019 -17"><span class='ocrx_word' id='word_1_470' title='bbox 989 2217 1147 2276; x_wconf 85' lang='lat' dir='ltr'>lluncribns</span> <span class='ocrx_word' id='word_1_471' title='bbox 1162 2219 1313 2290; x_wconf 77' lang='lat' dir='ltr'>curtiolam,</span> <span class='ocrx_word' id='word_1_472' title='bbox 1331 2230 1359 2278; x_wconf 91' lang='lat' dir='ltr'>ct</span> <span class='ocrx_word' id='word_1_473' title='bbox 1372 2233 1496 2280; x_wconf 90' lang='lat' dir='ltr'>sanctum</span> <span class='ocrx_word' id='word_1_474' title='bbox 1511 2226 1588 2283; x_wconf 79' lang='lat' dir='ltr'>sidus</span> <span class='ocrx_word' id='word_1_475' title='bbox 1602 2228 1726 2288; x_wconf 86' lang='lat' dir='ltr'>adorant.</span> 
     </span>
     <span class='ocr_line' id='line_1_83' title="bbox 989 2309 1701 2391; baseline 0.02 -25"><span class='ocrx_word' id='word_1_476' title='bbox 989 2309 1058 2366; x_wconf 82' lang='lat' dir='ltr'>Tum</span> <span class='ocrx_word' id='word_1_477' title='bbox 1070 2327 1138 2367; x_wconf 88' lang='lat' dir='ltr'>vero</span> <span class='ocrx_word' id='word_1_478' title='bbox 1154 2312 1297 2369; x_wconf 74' lang='lat' dir='ltr'>manifesta</span> <span class='ocrx_word' id='word_1_479' title='bbox 1314 2313 1392 2381; x_wconf 83' lang='lat' dir='ltr'>tides,</span> <span class='ocrx_word' id='word_1_480' title='bbox 1406 2316 1566 2390; x_wconf 87' lang='lat' dir='ltr'>clarumque</span> <span class='ocrx_word' id='word_1_481' title='bbox 1581 2330 1701 2391; x_wconf 74' lang='lat' dir='ltr'>pateruae</span> 
     </span>
     <span class='ocr_line' id='line_1_84' title="bbox 988 2403 1687 2482; baseline 0.019 -23"><span class='ocrx_word' id='word_1_482' title='bbox 988 2403 1092 2460; x_wconf 84' lang='lat' dir='ltr'>Nomen</span> <span class='ocrx_word' id='word_1_483' title='bbox 1108 2404 1229 2477; x_wconf 84' lang='lat' dir='ltr'>virtutis,</span> <span class='ocrx_word' id='word_1_484' title='bbox 1245 2408 1402 2481; x_wconf 78' lang='lat' dir='ltr'>Christique</span> <span class='ocrx_word' id='word_1_485' title='bbox 1418 2417 1687 2482; x_wconf 81' lang='lat' dir='ltr'>agnosceremltum</span> 
     </span>
     <span class='ocr_line' id='line_1_85' title="bbox 989 2495 1635 2574; baseline 0.022 -24"><span class='ocrx_word' id='word_1_486' title='bbox 989 2495 1128 2568; x_wconf 62' lang='lat' dir='ltr'>Flagrans</span> <span class='ocrx_word' id='word_1_487' title='bbox 1145 2507 1171 2552; x_wconf 91' lang='lat' dir='ltr'>ct</span> <span class='ocrx_word' id='word_1_488' title='bbox 1185 2513 1246 2569; x_wconf 80' lang='lat' dir='ltr'>qum</span> <span class='ocrx_word' id='word_1_489' title='bbox 1259 2499 1305 2556; x_wconf 90' lang='lat' dir='ltr'>det</span> <span class='ocrx_word' id='word_1_490' title='bbox 1318 2500 1403 2556; x_wconf 91' lang='lat' dir='ltr'>divini</span> <span class='ocrx_word' id='word_1_491' title='bbox 1417 2503 1493 2574; x_wconf 87' lang='lat' dir='ltr'>signa</span> <span class='ocrx_word' id='word_1_492' title='bbox 1511 2505 1635 2564; x_wconf 87' lang='lat' dir='ltr'>llecoris.</span> 
     </span>
    </p>
   </div>
   <div class='ocr_carea' id='block_1_18' title="bbox 1149 2613 1627 2678">
    <p class='ocr_par' dir='ltr' id='par_1_28' title="bbox 1149 2613 1627 2678">
     <span class='ocr_line' id='line_1_86' title="bbox 1149 2613 1627 2678; baseline 0.025 -12"><span class='ocrx_word' id='word_1_493' title='bbox 1149 2614 1272 2669; x_wconf 43' lang='lat' dir='ltr'>adalaisae</span> <span class='ocrx_word' id='word_1_494' title='bbox 1286 2613 1420 2672; x_wconf 80' lang='lat' dir='ltr'>rteromn</span> <span class='ocrx_word' id='word_1_495' title='bbox 1435 2627 1497 2673; x_wconf 83' lang='lat' dir='ltr'>ttulo</span> <span class='ocrx_word' id='word_1_496' title='bbox 1513 2616 1627 2678; x_wconf 83' lang='lat' dir='ltr'>Claristo.</span> 
     </span>
    </p>
   </div>
   <div class='ocr_carea' id='block_1_19' title="bbox 941 2728 1706 2804">
    <p class='ocr_par' dir='ltr' id='par_1_29' title="bbox 941 2728 1706 2804">
     <span class='ocr_line' id='line_1_87' title="bbox 941 2728 1706 2804; baseline 0.017 -21"><span class='ocrx_word' id='word_1_497' title='bbox 941 2777 944 2783; x_wconf 90' lang='lat'><em>.</em></span> <span class='ocrx_word' id='word_1_498' title='bbox 1023 2728 1153 2784; x_wconf 84' lang='lat' dir='ltr'>Protinus</span> <span class='ocrx_word' id='word_1_499' title='bbox 1166 2728 1199 2784; x_wconf 94' lang='lat' dir='ltr'>ad</span> <span class='ocrx_word' id='word_1_500' title='bbox 1217 2745 1309 2801; x_wconf 89' lang='lat' dir='ltr'>regem</span> <span class='ocrx_word' id='word_1_501' title='bbox 1323 2747 1421 2804; x_wconf 84' lang='lat' dir='ltr'>tntagno</span> <span class='ocrx_word' id='word_1_502' title='bbox 1435 2734 1555 2792; x_wconf 92' lang='lat' dir='ltr'>clamore</span> <span class='ocrx_word' id='word_1_503' title='bbox 1571 2736 1706 2796; x_wconf 79' lang='lat' dir='ltr'>latentem</span> 
     </span>
    </p>
   </div>
   <div class='ocr_carea' id='block_1_20' title="bbox 986 2819 1727 3077">
    <p class='ocr_par' dir='ltr' id='par_1_30' title="bbox 986 2819 1727 3077">
     <span class='ocr_line' id='line_1_88' title="bbox 988 2819 1698 2900; baseline 0.017 -24"><span class='ocrx_word' id='word_1_504' title='bbox 988 2819 1073 2876; x_wconf 83' lang='lat' dir='ltr'>Fatua</span> <span class='ocrx_word' id='word_1_505' title='bbox 1088 2819 1176 2888; x_wconf 89' lang='lat' dir='ltr'>volat,</span> <span class='ocrx_word' id='word_1_506' title='bbox 1194 2836 1360 2893; x_wconf 88' lang='lat' dir='ltr'>magnasque</span> <span class='ocrx_word' id='word_1_507' title='bbox 1374 2825 1450 2881; x_wconf 90' lang='lat' dir='ltr'>acuit</span> <span class='ocrx_word' id='word_1_508' title='bbox 1461 2828 1618 2886; x_wconf 89' lang='lat' dir='ltr'>rumoribus</span> <span class='ocrx_word' id='word_1_509' title='bbox 1633 2832 1698 2900; x_wconf 87' lang='lat' dir='ltr'>iras,</span> 
     </span>
     <span class='ocr_line' id='line_1_89' title="bbox 987 2912 1727 2987; baseline 0.015 -19"><span class='ocrx_word' id='word_1_510' title='bbox 987 2912 1166 2985; x_wconf 83' lang='lat' dir='ltr'>incenditque</span> <span class='ocrx_word' id='word_1_511' title='bbox 1181 2915 1318 2981; x_wconf 90' lang='lat' dir='ltr'>animum,</span> <span class='ocrx_word' id='word_1_512' title='bbox 1332 2917 1482 2987; x_wconf 88' lang='lat' dir='ltr'>matrisque</span> <span class='ocrx_word' id='word_1_513' title='bbox 1496 2920 1625 2978; x_wconf 88' lang='lat' dir='ltr'>allabitur</span> <span class='ocrx_word' id='word_1_514' title='bbox 1637 2938 1727 2981; x_wconf 88' lang='lat' dir='ltr'>aures.</span> 
     </span>
     <span class='ocr_line' id='line_1_90' title="bbox 986 3003 1688 3077; baseline 0.011 -17"><span class='ocrx_word' id='word_1_515' title='bbox 986 3003 1032 3060; x_wconf 87' lang='lat' dir='ltr'>illa</span> <span class='ocrx_word' id='word_1_516' title='bbox 1051 3006 1140 3073; x_wconf 85' lang='lat' dir='ltr'>dolos,</span> <span class='ocrx_word' id='word_1_517' title='bbox 1156 3005 1302 3077; x_wconf 90' lang='lat' dir='ltr'>dirumque</span> <span class='ocrx_word' id='word_1_518' title='bbox 1317 3006 1393 3064; x_wconf 87' lang='lat' dir='ltr'>nclas</span> <span class='ocrx_word' id='word_1_519' title='bbox 1410 3007 1482 3064; x_wconf 87' lang='lat' dir='ltr'>baud</span> <span class='ocrx_word' id='word_1_520' title='bbox 1497 3010 1580 3068; x_wconf 90' lang='lat' dir='ltr'>inscia</span> <span class='ocrx_word' id='word_1_521' title='bbox 1597 3029 1688 3070; x_wconf 89' lang='lat' dir='ltr'>rcrum</span> 
     </span>
    </p>
   </div>
   <div class='ocr_carea' id='block_1_21' title="bbox 947 3096 1660 3175">
    <p class='ocr_par' dir='ltr' id='par_1_31' title="bbox 947 3096 1660 3175">
     <span class='ocr_line' id='line_1_91' title="bbox 947 3096 1660 3175; baseline 0.014 -22"><span class='ocrx_word' id='word_1_522' title='bbox 947 3096 971 3160; x_wconf 86' lang='lat' dir='ltr'><strong>G</strong></span> <span class='ocrx_word' id='word_1_523' title='bbox 986 3098 1152 3168; x_wconf 72' lang='lat' dir='ltr'>Praesumit,</span> <span class='ocrx_word' id='word_1_524' title='bbox 1169 3111 1315 3171; x_wconf 88' lang='lat' dir='ltr'>motusque</span> <span class='ocrx_word' id='word_1_525' title='bbox 1327 3102 1434 3173; x_wconf 79' lang='lat' dir='ltr'>excepit</span> <span class='ocrx_word' id='word_1_526' title='bbox 1451 3103 1538 3175; x_wconf 91' lang='lat' dir='ltr'>prima</span> <span class='ocrx_word' id='word_1_527' title='bbox 1555 3106 1660 3162; x_wconf 83' lang='lat' dir='ltr'>laturos</span> 
     </span>
    </p>
   </div>
   <div class='ocr_carea' id='block_1_22' title="bbox 986 3192 1688 3360">
    <p class='ocr_par' dir='ltr' id='par_1_32' title="bbox 986 3192 1688 3360">
     <span class='ocr_line' id='line_1_92' title="bbox 986 3192 1662 3267; baseline 0.007 -19"><span class='ocrx_word' id='word_1_528' title='bbox 986 3192 1104 3250; x_wconf 80' lang='lat' dir='ltr'>Proescia</span> <span class='ocrx_word' id='word_1_529' title='bbox 1119 3194 1243 3262; x_wconf 87' lang='lat' dir='ltr'>rentttri,</span> <span class='ocrx_word' id='word_1_530' title='bbox 1258 3193 1351 3250; x_wconf 88' lang='lat' dir='ltr'>lurtim</span> <span class='ocrx_word' id='word_1_531' title='bbox 1368 3194 1508 3251; x_wconf 88' lang='lat' dir='ltr'>mandauit</span> <span class='ocrx_word' id='word_1_532' title='bbox 1522 3198 1662 3267; x_wconf 85' lang='lat' dir='ltr'>alendum,</span> 
     </span>
     <span class='ocr_line' id='line_1_93' title="bbox 988 3285 1688 3360; baseline 0.011 -19"><span class='ocrx_word' id='word_1_533' title='bbox 988 3285 1055 3342; x_wconf 88' lang='lat' dir='ltr'>[lain</span> <span class='ocrx_word' id='word_1_534' title='bbox 1070 3302 1144 3344; x_wconf 78' lang='lat' dir='ltr'>curae</span> <span class='ocrx_word' id='word_1_535' title='bbox 1159 3286 1304 3360; x_wconf 76' lang='lat' dir='ltr'>ambigam,</span> <span class='ocrx_word' id='word_1_536' title='bbox 1321 3287 1384 3344; x_wconf 93' lang='lat' dir='ltr'>dnm</span> <span class='ocrx_word' id='word_1_537' title='bbox 1399 3303 1478 3346; x_wconf 89' lang='lat' dir='ltr'>mens</span> <span class='ocrx_word' id='word_1_538' title='bbox 1491 3301 1623 3348; x_wconf 78' lang='lat' dir='ltr'>exaestuat</span> <span class='ocrx_word' id='word_1_539' title='bbox 1636 3293 1688 3350; x_wconf 89' lang='lat' dir='ltr'>ira.</span> 
     </span>
    </p>
   </div>
   <div class='ocr_carea' id='block_1_23' title="bbox 1169 3399 1606 3475">
    <p class='ocr_par' dir='ltr' id='par_1_33' title="bbox 1169 3399 1606 3475">
     <span class='ocr_line' id='line_1_94' title="bbox 1169 3399 1606 3475; baseline 0.014 -21"><span class='ocrx_word' id='word_1_540' title='bbox 1169 3399 1286 3457; x_wconf 76' lang='lat' dir='ltr'>Herodes</span> <span class='ocrx_word' id='word_1_541' title='bbox 1294 3401 1369 3473; x_wconf 73' lang='lat' dir='ltr'>jubel</span> <span class='ocrx_word' id='word_1_542' title='bbox 1382 3403 1467 3457; x_wconf 80' lang='lat' dir='ltr'>occidi</span> <span class='ocrx_word' id='word_1_543' title='bbox 1483 3404 1606 3475; x_wconf 66' lang='lat' dir='ltr'>infames.</span> 
     </span>
    </p>
   </div>
   <div class='ocr_carea' id='block_1_24' title="bbox 984 3511 1771 4230">
    <p class='ocr_par' dir='ltr' id='par_1_34' title="bbox 984 3511 1771 4230">
     <span class='ocr_line' id='line_1_95' title="bbox 1020 3511 1771 3587; baseline 0.011 -18"><span class='ocrx_word' id='word_1_544' title='bbox 1020 3511 1056 3569; x_wconf 79' lang='lat' dir='ltr'>dt</span> <span class='ocrx_word' id='word_1_545' title='bbox 1071 3528 1118 3569; x_wconf 83' lang='lat' dir='ltr'>rex</span> <span class='ocrx_word' id='word_1_546' title='bbox 1133 3514 1267 3569; x_wconf 87' lang='lat' dir='ltr'>sollicitus</span> <span class='ocrx_word' id='word_1_547' title='bbox 1281 3515 1395 3585; x_wconf 86' lang='lat' dir='ltr'>stirpem</span> <span class='ocrx_word' id='word_1_548' title='bbox 1410 3526 1437 3571; x_wconf 93' lang='lat' dir='ltr'>et</span> <span class='ocrx_word' id='word_1_549' title='bbox 1452 3531 1538 3587; x_wconf 91' lang='lat' dir='ltr'>genus</span> <span class='ocrx_word' id='word_1_550' title='bbox 1554 3530 1635 3574; x_wconf 89' lang='lat' dir='ltr'>omne</span> <span class='ocrx_word' id='word_1_551' title='bbox 1650 3518 1771 3577; x_wconf 89' lang='lat' dir='ltr'>luturunt</span> 
     </span>
     <span class='ocr_line' id='line_1_96' title="bbox 986 3603 1700 3678; baseline 0.008 -17"><span class='ocrx_word' id='word_1_552' title='bbox 986 3603 1162 3677; x_wconf 76' lang='lat' dir='ltr'>Praecipitare</span> <span class='ocrx_word' id='word_1_553' title='bbox 1173 3605 1262 3676; x_wconf 84' lang='lat' dir='ltr'>jubet,</span> <span class='ocrx_word' id='word_1_554' title='bbox 1275 3605 1463 3678; x_wconf 85' lang='lat' dir='ltr'>subjectisque</span> <span class='ocrx_word' id='word_1_555' title='bbox 1477 3622 1557 3666; x_wconf 90' lang='lat' dir='ltr'>urere</span> <span class='ocrx_word' id='word_1_556' title='bbox 1570 3609 1700 3677; x_wconf 86' lang='lat' dir='ltr'>dammis,</span> 
     </span>
     <span class='ocr_line' id='line_1_97' title="bbox 985 3695 1766 3774; baseline 0.01 -22"><span class='ocrx_word' id='word_1_557' title='bbox 985 3695 1068 3753; x_wconf 84' lang='lat' dir='ltr'>bittlta</span> <span class='ocrx_word' id='word_1_558' title='bbox 1085 3712 1214 3765; x_wconf 90' lang='lat' dir='ltr'>movens,</span> <span class='ocrx_word' id='word_1_559' title='bbox 1230 3696 1366 3768; x_wconf 85' lang='lat' dir='ltr'>mittitque</span> <span class='ocrx_word' id='word_1_560' title='bbox 1379 3698 1452 3753; x_wconf 84' lang='lat' dir='ltr'>uiros</span> <span class='ocrx_word' id='word_1_561' title='bbox 1467 3699 1512 3770; x_wconf 89' lang='lat' dir='ltr'>qui</span> <span class='ocrx_word' id='word_1_562' title='bbox 1527 3711 1600 3756; x_wconf 88' lang='lat' dir='ltr'>certa</span> <span class='ocrx_word' id='word_1_563' title='bbox 1615 3713 1766 3774; x_wconf 86' lang='lat' dir='ltr'>reportent.</span> 
     </span>
     <span class='ocr_line' id='line_1_98' title="bbox 986 3786 1723 3862; baseline 0.011 -19"><span class='ocrx_word' id='word_1_564' title='bbox 986 3786 1064 3843; x_wconf 90' lang='lat' dir='ltr'>llaud</span> <span class='ocrx_word' id='word_1_565' title='bbox 1079 3801 1159 3844; x_wconf 89' lang='lat' dir='ltr'>secus</span> <span class='ocrx_word' id='word_1_566' title='bbox 1174 3803 1206 3845; x_wconf 90' lang='lat' dir='ltr'>ac</span> <span class='ocrx_word' id='word_1_567' title='bbox 1216 3787 1284 3859; x_wconf 84' lang='lat' dir='ltr'>jussi</span> <span class='ocrx_word' id='word_1_568' title='bbox 1300 3788 1412 3856; x_wconf 85' lang='lat' dir='ltr'>iaciunt,</span> <span class='ocrx_word' id='word_1_569' title='bbox 1426 3790 1582 3862; x_wconf 89' lang='lat' dir='ltr'>rapidisque</span> <span class='ocrx_word' id='word_1_570' title='bbox 1596 3792 1723 3851; x_wconf 79' lang='lat' dir='ltr'>feruntur</span> 
     </span>
     <span class='ocr_line' id='line_1_99' title="bbox 986 3877 1695 3956; baseline 0.008 -21"><span class='ocrx_word' id='word_1_571' title='bbox 986 3878 1125 3946; x_wconf 85' lang='lat' dir='ltr'>Passibus,</span> <span class='ocrx_word' id='word_1_572' title='bbox 1140 3889 1166 3936; x_wconf 90' lang='lat' dir='ltr'>et</span> <span class='ocrx_word' id='word_1_573' title='bbox 1180 3878 1286 3949; x_wconf 89' lang='lat' dir='ltr'>magnis</span> <span class='ocrx_word' id='word_1_574' title='bbox 1298 3877 1393 3935; x_wconf 89' lang='lat' dir='ltr'>urbem</span> <span class='ocrx_word' id='word_1_575' title='bbox 1408 3882 1559 3938; x_wconf 88' lang='lat' dir='ltr'>terroribus</span> <span class='ocrx_word' id='word_1_576' title='bbox 1571 3882 1695 3956; x_wconf 91' lang='lat' dir='ltr'>implent.</span> 
     </span>
     <span class='ocr_line' id='line_1_100' title="bbox 984 3968 1626 4045; baseline 0.011 -20"><span class='ocrx_word' id='word_1_577' title='bbox 984 3968 1124 4025; x_wconf 88' lang='lat' dir='ltr'>Continuo</span> <span class='ocrx_word' id='word_1_578' title='bbox 1138 3968 1237 4025; x_wconf 74' lang='lat' dir='ltr'>auditae</span> <span class='ocrx_word' id='word_1_579' title='bbox 1250 3983 1341 4039; x_wconf 86' lang='lat' dir='ltr'>voces,</span> <span class='ocrx_word' id='word_1_580' title='bbox 1359 3970 1464 4042; x_wconf 82' lang='lat' dir='ltr'>vagitus</span> <span class='ocrx_word' id='word_1_581' title='bbox 1478 3981 1507 4028; x_wconf 94' lang='lat' dir='ltr'>et</span> <span class='ocrx_word' id='word_1_582' title='bbox 1520 3974 1626 4045; x_wconf 85' lang='lat' dir='ltr'>ingens,</span> 
     </span>
     <span class='ocr_line' id='line_1_101' title="bbox 986 4058 1711 4135; baseline 0.015 -22"><span class='ocrx_word' id='word_1_583' title='bbox 986 4058 1177 4131; x_wconf 75' lang='lat' dir='ltr'>infantumque</span> <span class='ocrx_word' id='word_1_584' title='bbox 1191 4059 1288 4115; x_wconf 90' lang='lat' dir='ltr'>animae</span> <span class='ocrx_word' id='word_1_585' title='bbox 1303 4060 1410 4129; x_wconf 78' lang='lat' dir='ltr'>flentcs,</span> <span class='ocrx_word' id='word_1_586' title='bbox 1428 4074 1490 4119; x_wconf 84' lang='lat' dir='ltr'>:tttle</span> <span class='ocrx_word' id='word_1_587' title='bbox 1503 4078 1552 4119; x_wconf 91' lang='lat' dir='ltr'>ora</span> <span class='ocrx_word' id='word_1_588' title='bbox 1568 4076 1711 4135; x_wconf 88' lang='lat' dir='ltr'>parentum</span> 
     </span>
     <span class='ocr_line' id='line_1_102' title="bbox 984 4150 1639 4230; baseline 0.009 -23"><span class='ocrx_word' id='word_1_589' title='bbox 984 4150 1105 4222; x_wconf 79' lang='lat' dir='ltr'>Corpora</span> <span class='ocrx_word' id='word_1_590' title='bbox 1123 4160 1246 4230; x_wconf 77' lang='lat' dir='ltr'>iratorum</span> <span class='ocrx_word' id='word_1_591' title='bbox 1259 4162 1417 4211; x_wconf 87' lang='lat' dir='ltr'>sternuntur</span> <span class='ocrx_word' id='word_1_592' title='bbox 1431 4155 1526 4212; x_wconf 91' lang='lat' dir='ltr'>limine</span> <span class='ocrx_word' id='word_1_593' title='bbox 1541 4158 1639 4228; x_wconf 85' lang='lat' dir='ltr'>primo.</span> 
     </span>
    </p>
   </div>
   <div class='ocr_carea' id='block_1_25' title="bbox 1022 4263 1702 4454">
    <p class='ocr_par' dir='ltr' id='par_1_35' title="bbox 1022 4263 1702 4454">
     <span class='ocr_line' id='line_1_103' title="bbox 1115 4263 1658 4346; baseline 0.022 -28"><span class='ocrx_word' id='word_1_594' title='bbox 1115 4263 1194 4338; x_wconf 83' lang='lat' dir='ltr'>Fttqit</span> <span class='ocrx_word' id='word_1_595' title='bbox 1213 4267 1293 4339; x_wconf 81' lang='lat' dir='ltr'>Virgo</span> <span class='ocrx_word' id='word_1_596' title='bbox 1309 4284 1369 4322; x_wconf 81' lang='lat' dir='ltr'>canu</span> <span class='ocrx_word' id='word_1_597' title='bbox 1382 4268 1438 4340; x_wconf 80' lang='lat' dir='ltr'>filio</span> <span class='ocrx_word' id='word_1_598' title='bbox 1456 4271 1484 4326; x_wconf 80' lang='lat' dir='ltr'>t‘n</span> <span class='ocrx_word' id='word_1_599' title='bbox 1499 4270 1658 4346; x_wconf 77' lang='lat' dir='ltr'>AEqqptnm.</span> 
     </span>
     <span class='ocr_line' id='line_1_104' title="bbox 1022 4379 1702 4454; baseline 0.015 -19"><span class='ocrx_word' id='word_1_600' title='bbox 1022 4379 1058 4435; x_wconf 78' lang='lat' dir='ltr'>dt</span> <span class='ocrx_word' id='word_1_601' title='bbox 1071 4387 1158 4437; x_wconf 85' lang='lat' dir='ltr'>ratater</span> <span class='ocrx_word' id='word_1_602' title='bbox 1171 4380 1274 4452; x_wconf 93' lang='lat' dir='ltr'>gcmitu</span> <span class='ocrx_word' id='word_1_603' title='bbox 1285 4397 1338 4436; x_wconf 92' lang='lat' dir='ltr'>non</span> <span class='ocrx_word' id='word_1_604' title='bbox 1353 4381 1451 4439; x_wconf 87' lang='lat' dir='ltr'>lrustra</span> <span class='ocrx_word' id='word_1_605' title='bbox 1466 4386 1599 4443; x_wconf 84' lang='lat' dir='ltr'>exterrita</span> <span class='ocrx_word' id='word_1_606' title='bbox 1615 4397 1702 4454; x_wconf 84' lang='lat' dir='ltr'>tanto,</span> 
     </span>
    </p>
   </div>
   <div class='ocr_carea' id='block_1_26' title="bbox 944 4473 1675 4549">
    <p class='ocr_par' dir='ltr' id='par_1_36' title="bbox 944 4473 1675 4549">
     <span class='ocr_line' id='line_1_105' title="bbox 944 4473 1675 4549; baseline 0.011 -21"><span class='ocrx_word' id='word_1_607' title='bbox 944 4473 1046 4548; x_wconf 74' lang='lat' dir='ltr'>Dlpsa</span> <span class='ocrx_word' id='word_1_608' title='bbox 1061 4490 1141 4531; x_wconf 85' lang='lat' dir='ltr'>manu</span> <span class='ocrx_word' id='word_1_609' title='bbox 1156 4490 1211 4547; x_wconf 77' lang='lat' dir='ltr'>praa</span> <span class='ocrx_word' id='word_1_610' title='bbox 1224 4490 1254 4532; x_wconf 87' lang='lat' dir='ltr'>sc</span> <span class='ocrx_word' id='word_1_611' title='bbox 1267 4482 1389 4547; x_wconf 87' lang='lat' dir='ltr'>portans,</span> <span class='ocrx_word' id='word_1_612' title='bbox 1407 4478 1533 4536; x_wconf 87' lang='lat' dir='ltr'>turbante</span> <span class='ocrx_word' id='word_1_613' title='bbox 1549 4482 1675 4549; x_wconf 87' lang='lat' dir='ltr'>tumultu,</span> 
     </span>
    </p>
   </div>
   <div class='ocr_carea' id='block_1_27' title="bbox 986 4567 1706 5106">
    <p class='ocr_par' dir='ltr' id='par_1_37' title="bbox 986 4567 1706 5106">
     <span class='ocr_line' id='line_1_106' title="bbox 986 4567 1653 4646; baseline 0.015 -22"><span class='ocrx_word' id='word_1_614' title='bbox 986 4567 1132 4638; x_wconf 87' lang='lat' dir='ltr'>lnlantent,</span> <span class='ocrx_word' id='word_1_615' title='bbox 1148 4569 1254 4642; x_wconf 87' lang='lat' dir='ltr'>lugiens</span> <span class='ocrx_word' id='word_1_616' title='bbox 1273 4571 1351 4641; x_wconf 74' lang='lat' dir='ltr'>quena</span> <span class='ocrx_word' id='word_1_617' title='bbox 1364 4571 1398 4628; x_wconf 92' lang='lat' dir='ltr'>ad</span> <span class='ocrx_word' id='word_1_618' title='bbox 1410 4574 1542 4646; x_wconf 75' lang='lat' dir='ltr'>presepia</span> <span class='ocrx_word' id='word_1_619' title='bbox 1557 4575 1653 4633; x_wconf 87' lang='lat' dir='ltr'>tendit.</span> 
     </span>
     <span class='ocr_line' id='line_1_107' title="bbox 986 4662 1574 4739; baseline 0.012 -20"><span class='ocrx_word' id='word_1_620' title='bbox 986 4662 1037 4721; x_wconf 91' lang='lat' dir='ltr'>llic</span> <span class='ocrx_word' id='word_1_621' title='bbox 1051 4672 1142 4721; x_wconf 89' lang='lat' dir='ltr'>natum</span> <span class='ocrx_word' id='word_1_622' title='bbox 1157 4666 1263 4737; x_wconf 89' lang='lat' dir='ltr'>angusti</span> <span class='ocrx_word' id='word_1_623' title='bbox 1280 4665 1375 4722; x_wconf 88' lang='lat' dir='ltr'>subter</span> <span class='ocrx_word' id='word_1_624' title='bbox 1389 4665 1495 4739; x_wconf 78' lang='lat' dir='ltr'>fastigia</span> <span class='ocrx_word' id='word_1_625' title='bbox 1509 4670 1574 4726; x_wconf 85' lang='lat' dir='ltr'>tecti</span> 
     </span>
     <span class='ocr_line' id='line_1_108' title="bbox 987 4758 1629 4833; baseline 0.009 -19"><span class='ocrx_word' id='word_1_626' title='bbox 987 4758 1124 4829; x_wconf 82' lang='lat' dir='ltr'>llntribal‚</span> <span class='ocrx_word' id='word_1_627' title='bbox 1139 4761 1241 4817; x_wconf 89' lang='lat' dir='ltr'>teneris</span> <span class='ocrx_word' id='word_1_628' title='bbox 1257 4761 1422 4833; x_wconf 90' lang='lat' dir='ltr'>immulgens</span> <span class='ocrx_word' id='word_1_629' title='bbox 1436 4762 1520 4819; x_wconf 89' lang='lat' dir='ltr'>ubera</span> <span class='ocrx_word' id='word_1_630' title='bbox 1534 4763 1629 4822; x_wconf 87' lang='lat' dir='ltr'>labris.</span> 
     </span>
     <span class='ocr_line' id='line_1_109' title="bbox 988 4850 1706 4929; baseline 0.015 -23"><span class='ocrx_word' id='word_1_631' title='bbox 988 4850 1052 4908; x_wconf 85' lang='lat' dir='ltr'>llaec</span> <span class='ocrx_word' id='word_1_632' title='bbox 1067 4852 1116 4908; x_wconf 93' lang='lat' dir='ltr'>tibi</span> <span class='ocrx_word' id='word_1_633' title='bbox 1132 4853 1230 4924; x_wconf 90' lang='lat' dir='ltr'>prima,</span> <span class='ocrx_word' id='word_1_634' title='bbox 1245 4868 1323 4924; x_wconf 88' lang='lat' dir='ltr'>puer,</span> <span class='ocrx_word' id='word_1_635' title='bbox 1338 4852 1449 4910; x_wconf 85' lang='lat' dir='ltr'>tundent</span> <span class='ocrx_word' id='word_1_636' title='bbox 1463 4855 1598 4914; x_wconf 86' lang='lat' dir='ltr'>cunabula</span> <span class='ocrx_word' id='word_1_637' title='bbox 1612 4857 1706 4929; x_wconf 86' lang='lat' dir='ltr'>liores,</span> 
     </span>
     <span class='ocr_line' id='line_1_110' title="bbox 987 4943 1651 5015; baseline 0.015 -16"><span class='ocrx_word' id='word_1_638' title='bbox 987 4943 1125 5015; x_wconf 83' lang='lat' dir='ltr'>iiittaque</span> <span class='ocrx_word' id='word_1_639' title='bbox 1137 4944 1237 5006; x_wconf 90' lang='lat' dir='ltr'>ridenti</span> <span class='ocrx_word' id='word_1_640' title='bbox 1250 4946 1350 5014; x_wconf 89' lang='lat' dir='ltr'>passim</span> <span class='ocrx_word' id='word_1_641' title='bbox 1363 4961 1425 5004; x_wconf 87' lang='lat' dir='ltr'>curn</span> <span class='ocrx_word' id='word_1_642' title='bbox 1439 4946 1554 5007; x_wconf 86' lang='lat' dir='ltr'>baccare</span> <span class='ocrx_word' id='word_1_643' title='bbox 1570 4951 1651 5009; x_wconf 90' lang='lat' dir='ltr'>tellus</span> 
     </span>
     <span class='ocr_line' id='line_1_111' title="bbox 986 5035 1598 5106; baseline 0.01 -15"><span class='ocrx_word' id='word_1_644' title='bbox 986 5035 1059 5093; x_wconf 86' lang='lat' dir='ltr'>ltotlt</span> <span class='ocrx_word' id='word_1_645' title='bbox 1074 5037 1203 5106; x_wconf 89' lang='lat' dir='ltr'>paulatim</span> <span class='ocrx_word' id='word_1_646' title='bbox 1217 5037 1354 5095; x_wconf 72' lang='lat' dir='ltr'>tmlrieasia</span> <span class='ocrx_word' id='word_1_647' title='bbox 1364 5038 1459 5097; x_wconf 80' lang='lat' dir='ltr'>fundet</span> <span class='ocrx_word' id='word_1_648' title='bbox 1472 5043 1598 5100; x_wconf 85' lang='lat' dir='ltr'>acatttbo.</span> 
     </span>
    </p>
   </div>
   <div class='ocr_carea' id='block_1_28' title="bbox 987 5149 1733 5503">
    <p class='ocr_par' dir='ltr' id='par_1_38' title="bbox 1035 5149 1733 5225">
     <span class='ocr_line' id='line_1_112' title="bbox 1035 5149 1733 5225; baseline 0.009 -19"><span class='ocrx_word' id='word_1_649' title='bbox 1035 5149 1155 5206; x_wconf 73' lang='lat' dir='ltr'>Christus</span> <span class='ocrx_word' id='word_1_650' title='bbox 1169 5150 1285 5223; x_wconf 82' lang='lat' dir='ltr'>disputet</span> <span class='ocrx_word' id='word_1_651' title='bbox 1299 5153 1326 5207; x_wconf 87' lang='lat' dir='ltr'>in</span> <span class='ocrx_word' id='word_1_652' title='bbox 1344 5153 1440 5225; x_wconf 79' lang='lat' dir='ltr'>ternplo</span> <span class='ocrx_word' id='word_1_653' title='bbox 1451 5154 1479 5209; x_wconf 90' lang='lat' dir='ltr'>in</span> <span class='ocrx_word' id='word_1_654' title='bbox 1491 5155 1575 5209; x_wconf 78' lang='lat' dir='ltr'>aredio</span> <span class='ocrx_word' id='word_1_655' title='bbox 1589 5155 1733 5214; x_wconf 86' lang='lat' dir='ltr'>sertt&#39;orum.</span> 
     </span>
    </p>

    <p class='ocr_par' dir='ltr' id='par_1_39' title="bbox 987 5243 1730 5503">
     <span class='ocr_line' id='line_1_113' title="bbox 1022 5243 1655 5319; baseline 0.008 -20"><span class='ocrx_word' id='word_1_656' title='bbox 1022 5244 1056 5299; x_wconf 85' lang='lat' dir='ltr'>Et</span> <span class='ocrx_word' id='word_1_657' title='bbox 1065 5243 1122 5314; x_wconf 82' lang='lat' dir='ltr'>jam</span> <span class='ocrx_word' id='word_1_658' title='bbox 1136 5243 1198 5301; x_wconf 89' lang='lat' dir='ltr'>duis</span> <span class='ocrx_word' id='word_1_659' title='bbox 1209 5253 1267 5301; x_wconf 87' lang='lat' dir='ltr'>crat</span> <span class='ocrx_word' id='word_1_660' title='bbox 1277 5286 1285 5312; x_wconf 93' lang='lat'>‚</span> <span class='ocrx_word' id='word_1_661' title='bbox 1297 5245 1421 5317; x_wconf 89' lang='lat' dir='ltr'>perlecto</span> <span class='ocrx_word' id='word_1_662' title='bbox 1435 5248 1566 5319; x_wconf 85' lang='lat' dir='ltr'>temporis</span> <span class='ocrx_word' id='word_1_663' title='bbox 1577 5247 1655 5314; x_wconf 82' lang='lat' dir='ltr'>orbe,</span> 
     </span>
     <span class='ocr_line' id='line_1_114' title="bbox 987 5334 1730 5410; baseline 0.003 -17"><span class='ocrx_word' id='word_1_664' title='bbox 987 5334 1153 5408; x_wconf 73' lang='lat' dir='ltr'>[ltprimum</span> <span class='ocrx_word' id='word_1_665' title='bbox 1166 5336 1249 5393; x_wconf 88' lang='lat' dir='ltr'>cessit</span> <span class='ocrx_word' id='word_1_666' title='bbox 1265 5337 1354 5406; x_wconf 82' lang='lat' dir='ltr'>lutor,</span> <span class='ocrx_word' id='word_1_667' title='bbox 1370 5344 1398 5395; x_wconf 90' lang='lat' dir='ltr'>ct</span> <span class='ocrx_word' id='word_1_668' title='bbox 1412 5338 1505 5394; x_wconf 90' lang='lat' dir='ltr'>rabida</span> <span class='ocrx_word' id='word_1_669' title='bbox 1520 5352 1568 5394; x_wconf 88' lang='lat' dir='ltr'>ora</span> <span class='ocrx_word' id='word_1_670' title='bbox 1581 5336 1730 5410; x_wconf 87' lang='lat' dir='ltr'>quierunt,</span> 
     </span>
     <span class='ocr_line' id='line_1_115' title="bbox 988 5427 1660 5503; baseline 0.006 -18"><span class='ocrx_word' id='word_1_671' title='bbox 988 5430 1059 5485; x_wconf 76' lang='lat' dir='ltr'>Ante</span> <span class='ocrx_word' id='word_1_672' title='bbox 1078 5441 1165 5485; x_wconf 87' lang='lat' dir='ltr'>annos</span> <span class='ocrx_word' id='word_1_673' title='bbox 1180 5427 1300 5484; x_wconf 90' lang='lat' dir='ltr'>animum</span> <span class='ocrx_word' id='word_1_674' title='bbox 1314 5439 1426 5502; x_wconf 88' lang='lat' dir='ltr'>gestans</span> <span class='ocrx_word' id='word_1_675' title='bbox 1440 5430 1559 5487; x_wconf 74' lang='lat' dir='ltr'>celestis</span> <span class='ocrx_word' id='word_1_676' title='bbox 1570 5431 1660 5503; x_wconf 87' lang='lat' dir='ltr'>origo.</span> 
     </span>
    </p>
   </div>
   <div class='ocr_carea' id='block_1_29' title="bbox 1187 5541 1587 5598">
    <p class='ocr_par' dir='ltr' id='par_1_40' title="bbox 1187 5541 1587 5598">
     <span class='ocr_line' id='line_1_116' title="bbox 1187 5541 1587 5598; baseline 0 -2"><span class='ocrx_word' id='word_1_677' title='bbox 1187 5541 1321 5596; x_wconf 72' lang='lat' dir='ltr'>ubertim</span> <span class='ocrx_word' id='word_1_678' title='bbox 1339 5557 1427 5598; x_wconf 79' lang='lat' dir='ltr'>otttnes</span> <span class='ocrx_word' id='word_1_679' title='bbox 1446 5542 1587 5598; x_wconf 73' lang='lat' dir='ltr'>Christum.</span> 
     </span>
    </p>
   </div>
   <div class='ocr_carea' id='block_1_30' title="bbox 1025 5633 1800 5804">
    <p class='ocr_par' dir='ltr' id='par_1_41' title="bbox 1025 5633 1800 5804">
     <span class='ocr_line' id='line_1_117' title="bbox 1025 5633 1787 5712; baseline -0.01 -20"><span class='ocrx_word' id='word_1_680' title='bbox 1025 5634 1078 5694; x_wconf 85' lang='lat' dir='ltr'>Per</span> <span class='ocrx_word' id='word_1_681' title='bbox 1097 5633 1201 5693; x_wconf 87' lang='lat' dir='ltr'>medias</span> <span class='ocrx_word' id='word_1_682' title='bbox 1224 5634 1305 5692; x_wconf 89' lang='lat' dir='ltr'>urbes</span> <span class='ocrx_word' id='word_1_683' title='bbox 1323 5634 1457 5707; x_wconf 77' lang='lat' dir='ltr'>graditur,</span> <span class='ocrx_word' id='word_1_684' title='bbox 1479 5634 1652 5708; x_wconf 89' lang='lat' dir='ltr'>populosque</span> <span class='ocrx_word' id='word_1_685' title='bbox 1672 5639 1787 5712; x_wconf 83' lang='lat' dir='ltr'>propin.</span> 
     </span>
     <span class='ocr_line' id='line_1_118' title="bbox 1668 5731 1800 5804; baseline -0.008 -16"><span class='ocrx_word' id='word_1_686' title='bbox 1668 5731 1758 5804; x_wconf 82' lang='lat' dir='ltr'>[quos.</span> <span class='ocrx_word' id='word_1_687' title='bbox 1795 5786 1800 5794; x_wconf 85' lang='grc'>,</span> 
     </span>
    </p>
   </div>
   <div class='ocr_carea' id='block_1_31' title="bbox 1438 5821 1479 5887">
    <p class='ocr_par' dir='ltr' id='par_1_42' title="bbox 1438 5821 1479 5887">
     <span class='ocr_line' id='line_1_119' title="bbox 1438 5821 1479 5887; baseline 0 0"><span class='ocrx_word' id='word_1_688' title='bbox 1438 5821 1479 5887; x_wconf 69' lang='lat' dir='ltr'>ab</span> 
     </span>
    </p>
   </div>
   <div class='ocr_carea' id='block_1_32' title="bbox 0 0 2080 6167">
    <p class='ocr_par' dir='ltr' id='par_1_43' title="bbox 0 0 2080 6167">
     <span class='ocr_line' id='line_1_120' title="bbox 0 0 2080 6167; baseline 0 12"><span class='ocrx_word' id='word_1_689' title='bbox 0 0 2080 6167; x_wconf 95' lang='lat' dir='ltr'> </span> 
     </span>
    </p>
   </div>
  </div>
 </body>
</html>
