4150 6167
312 216 363 279 sir
956 212 1301 307 cmuosssuuuus
1886 229 1929 290 nt

311 352 375 396 ιιιιιι
389 334 541 394 llosbetaia
564 335 684 395 lnstltut.
700 334 772 394 llist.
787 332 891 394 ebriat.
904 335 1003 408 antiq,
1021 332 1113 393 erudi·
1124 334 1155 397 A
1165 333 1289 405 pluscule
1299 332 1376 391 dicit.
1388 334 1475 392 snam
1487 331 1662 408 trisyllabum
1676 333 1777 406 potuit,
1789 345 1817 396 ut
1827 339 1930 409 llcratius

312 430 416 491 tionem
429 446 447 488 r
458 430 552 490 saeeuii
567 439 677 489 ιιιιιιιι
690 429 786 489 ιιιιιι.
1166 435 1265 498 emtas,
1276 438 1304 484 et
1315 426 1447 501 Papinius
1457 429 1549 483 suasit
1564 425 1634 484 lllutl
1648 443 1715 485 vcro
1730 430 1803 488 uinis
1817 436 1930 516 andane,

351 528 413 586 ιιι.
431 526 596 586 Parrhasius
617 527 645 583 in
658 526 781 585 editione
803 540 852 583 sua
866 523 981 593 sedulii,
1000 531 1029 581 et
1048 539 1117 582 nou-
1166 521 1240 595 quod
1255 539 1286 578 us
1297 522 1325 578 in
1339 522 1495 579 accusativo
1506 522 1604 593 plurali
1619 531 1724 592 quarta
1736 523 1871 587 iullerlonlt
1882 549 1932 593 eon·

313 619 464 691 nullorum,
482 621 636 678 carminum
651 618 793 677 Prudentii
816 620 940 691 quadam
954 617 989 675 de
1001 626 1117 690 utroque
1167 616 1251 672 traxit
1265 615 1344 689 105
1362 614 1416 672 boc
1429 626 1525 683 versu,
1543 613 1605 670 lion
1619 613 1698 683 ratio,
1713 615 1849 691 primosque
1859 641 1933 687 aar„

312 712 474 781 annotarit:
488 729 551 787 qum
566 713 693 785 quoniam
706 712 845 786 plerisque
859 712 948 785 poetis
957 710 1118 769 cbristianis
1167 712 1277 783 napitas,
1292 719 1316 765 et
1328 709 1440 767 ιιιιιιιι.
1451 710 1531 779 Quod
1545 717 1637 766 ιιιιιιι
1653 710 1680 766 ιι
1690 712 1809 769 omnibus
1819 722 1930 791 exempla·

312 810 468 866 communia
484 817 561 879 sunt,
578 809 630 866 boe
644 808 706 865 loco
719 823 774 865 non
796 808 982 880 importunum
992 814 1035 861 est
1048 804 1119 876 adii·
1167 802 1255 870 ribus,
1271 813 1299 858 et
1313 802 1341 858 in
1361 803 1464 859 nostris
1485 801 1568 858 etiam
1584 801 1670 874 leqes,
1695 802 1850 863 Scribitarin
1869 812 1935 871 titalir

311 915 376 957 cere
387 917 395 955 :
407 918 417 954 t
431 900 615 969 sedulius,'ut
628 901 691 958 ltiuc
704 901 844 973 incipiam,
858 899 948 958 rerbis
958 900 1055 968 utitur,
1067 914 1117 956 ιιιι
1167 912 1262 966 snpra:
1277 894 1331 951 llic
1344 905 1381 952 ert
1394 912 1440 953 rea
1450 895 1617 968 iudeorum,
1633 895 1758 967 equidem
1776 902 1934 973 castigandum

313 989 410 1064 dquris
424 992 538 1064 pontinia
559 993 672 1050 omuino
687 993 861 1063 sublimibus,
877 1008 928 1050 uec
942 994 1007 1050 item
1028 991 1119 1050 sordi·
1167 987 1335 1057 censuerim,
1360 986 1491 1044 scribitur
1505 989 1533 1043 in
1547 987 1649 1043 titulis:
1674 986 1728 1043 lile
1741 998 1777 1045 eat
1793 1007 1835 1047 ree
1852 991 1938 1052 indeo

313 1083 367 1154 dis,
384 1085 423 1141 ita
436 1084 557 1143 mediam
571 1087 718 1158 quamdam
733 1087 915 1145 elocutionem
929 1088 1117 1161 certantibus,
1168 1095 1238 1146 tum,
1254 1088 1285 1137 ul
1299 1080 1456 1153 ῐθιίιιῡθιι
1477 1094 1574 1136 veribit
1593 1080 1853 1153 aucupantibus
1868 1088 1938 1145 inita·

315 1187 345 1236 ut
360 1180 501 1252 proprium
524 1182 661 1239 retineant
684 1182 793 1239 locum:
817 1191 910 1239 exstat
931 1189 1023 1240 tamen
1043 1184 1071 1239 in
1083 1196 1118 1240 co
1168 1172 1243 1229 Utine
1257 1172 1388 1242 “ultiniis
1402 1182 1430 1229 0²
1445 1173 1571 1242 ²¹50¹¹¹¹¹¹r
1583 1187 1619 1230 ιθ
1634 1188 1728 1243 ”nimi
1745 1184 1772 1231 et
1784 1176 1883 1234 alteram
1896 1182 1939 1254 ιιι-

314 1288 487 1345 (ιιιιιιιιιιι
498 1274 656 1331 ιιιιιοιιιι
670 1275 802 1331 studium.
816 1273 885 1331 llam
896 1278 1026 1344 lactarent
1041 1274 1117 1343 dicit,
1168 1268 1258 1325 labam
1271 1283 1342 1325 nouo
1355 1270 1482 1340 exemplo
1494 1268 1624 1340 corripiat
1637 1268 1666 1325 iu
1682 1268 1801 1326 iudan.»

313 1368 451 1438 faetorem,
474 1367 608 1436 deitatem,
621 1366 690 1440 lepis
714 1376 876 1436 testamenta,
892 1369 977 1437 eoeloa,
993 1367 1120 1439 quamvis
1206 1359 1268 1418 ¹90·
1287 1378 1297 1413 t
1311 1359 1477 1417 Prudentius
1491 1361 1544 1434 (ιιι
1559 1360 1646 1433 ιιιιιι
1664 1359 1834 1436 Parrhasius)
1853 1368 1939 1425 tametsi

315 1467 343 1514 et
359 1457 412 1515 boe
426 1458 569 1517 Lucretius
584 1475 638 1515 uun
651 1459 805 1516 abstinuit:
821 1468 850 1517 et
865 1459 1016 1530 paulinam,
1032 1458 1119 1531 quod·
1168 1454 1256 1526 magis
1270 1454 1425 1512 elaboratus
1437 1455 1465 1511 iu
1479 1453 1573 1511 verbis
1587 1464 1641 1521 est,
1657 1464 1686 1511 et
1698 1457 1787 1513 miuus
1799 1458 1939 1532 licentiosus,

315 1565 370 1622 que
389 1551 553 1608 insolentius
572 1563 614 1608 est
627 1552 765 1609 duodecim
785 1552 869 1609 stillio
891 1550 1054 1624 leqiouerex
1072 1551 1120 1608 illo
1169 1547 1264 1605 eadem
1276 1557 1367 1604 tamen
1380 1546 1942 1624 veniaearminisutiturinidolo,prrnclitt,

316 1643 487 1718 Hieronymi,
497 1644 541 1702 lia
548 1645 619 1701 triba
629 1643 753 1702 Honeste
761 1644 899 1702 duodecim
910 1644 994 1699 miliia
1004 1644 1120 1716 siponti:
1170 1641 1198 1699 iu
1212 1656 1269 1714 quo
1288 1650 1454 1699 sectatorem
1477 1642 1583 1713 reperit
1596 1639 1796 1710 Apollinarem.
1814 1645 1875 1712 Quid
1887 1648 1943 1717 qnod

315 1739 403 1811 magis
415 1739 513 1796 Latine
525 1739 700 1808 Prudentius,
715 1741 763 1812 qui
785 1740 869 1797 millia
879 1739 961 1794 malta
984 1746 1116 1806 notarunt,
1132 1727 1291 1792 Bdatiuuur
1315 1734 1424 1793 relativi
1449 1735 1570 1792 uorrtlnis
1594 1736 1637 1790 eni
1658 1735 1823 1808 bispttabura
1844 1739 1944 1808 protulit,

314 1849 368 1890 non
380 1843 455 1891 rtottn
466 1838 514 1890 ait.
531 1834 631 1892 luserit
641 1844 670 1893 ct
678 1835 838 1907 perequms
852 1835 957 1906 aliquot
970 1834 1116 1901 dictiones,
1168 1827 1347 1899 ultimamque
1369 1829 1397 1884 iu
1422 1843 1456 1884 ιο
1476 1836 1674 1885 onttsonautem
1698 1831 1784 1886 rertit
1800 1830 1827 1888 in
1844 1832 1944 1890 ramlera

314 1924 1117 1998 sedaeltristianisauctoribusjamreceptas,Potriarcbant,
1167 1932 1211 1978 ter
1225 1923 1251 1978 iu
1267 1921 1364 1979 eodem
1379 1922 1521 1979 earmiuel
1532 1919 1764 1994 Cesaranqastam
1775 1925 1946 1980 rocittmtutr·

314 2036 487 2093 tpnaqoqam,
499 2021 655 2092 pbaritaeea,
668 2031 697 2079 et
709 2036 760 2095 pro
772 2021 918 2078 lortuuatis
928 2020 1024 2077 insulis
1039 2017 1119 2093 10ss
1166 2015 1233 2083 bern,
1248 2045 1285 2057 -
1299 2015 1350 2072 lies
1363 2015 1406 2070 eni
1428 2023 1503 2071 tauta
1528 2027 1578 2071 est.
1602 2014 1746 2073 Praeterea
1782 2017 1946 2092 :Scaptium
2025 1996 2027 2001 Α

315 2113 479 2184 paradisum,
491 2112 646 2186 pebeuaam,
657 2113 731 2186 quod
746 2112 901 2170 incendium
912 2112 1059 2186 siguibcat,
1070 2111 1118 2168 de·
1166 2109 1250 2179 lasti,
1266 2111 1309 2166 eni
1331 2109 1427 2166 Pastor
1445 2109 1536 2167 beret.
1564 2110 1633 2168 ltent
1657 2111 1743 2182 patilo
1757 2120 1835 2184 post:
1849 2113 1947 2187 limrqn

314 2206 397 2277 nique
411 2222 556 2274 nmnmres,
576 2206 671 2273 idest,
685 2206 832 2276 adulterio,
854 2218 1005 2278 stuproque
1019 2219 1118 2262 catice·
1171 2202 1304 2271 Vincenti,
1325 2204 1368 2258 eni
1386 2204 1493 2277 sanquis
1514 2204 1576 2259 bine
1595 2212 1634 2258 ert
1649 2219 1660 2259 :
1678 2202 1756 2274 quud
1780 2214 1809 2261 ut
1831 2206 1949 2276 ignoscen-

314 2308 386 2370 ptos.
401 2299 430 2355 lu
454 2299 618 2373 quibusdam
642 2302 767 2373 sequitur
788 2300 954 2373 analogiam,
974 2315 1036 2356 euru
1059 2300 1117 2357 ait:
1167 2293 1244 2362 dum,
1261 2295 1299 2351 ita
1313 2293 1454 2351 lereudutn
1466 2310 1521 2351 nou
1533 2302 1575 2352 est
1588 2312 1595 2350 :
1609 2295 1681 2353 sicut
1698 2294 1826 2352 necillud
1838 2294 1947 2352 lltlorrtt

314 2393 410 2451 Urbem
422 2394 550 2451 libertatis
561 2412 647 2468 opem,
673 2396 699 2453 id
715 2404 768 2465 est,
784 2394 941 2464 secundam,
968 2395 1042 2467 quod
1056 2397 1118 2465 ejus
1167 2388 1260 2444 tetrius
1272 2388 1949 2462 autninmest.Attapaettumquoque,etprocelent·

311 2487 480 2545 contrarium
500 2488 537 2546 sit
557 2490 644 2561 inops,
664 2487 691 2546 id
716 2499 769 2561 est,
793 2504 907 2563 egenas.
931 2490 961 2546 ln
977 2490 1052 2557 aliis,
1069 2503 1118 2546 ne·
1168 2480 1298 2539 malicum
1314 2498 1363 2554 pru
1377 2483 1509 2555 spondaeo
1531 2482 1697 2555 plerumque
1712 2483 1851 2541 substituit
1863 2492 1948 2554 tempo
2025 2458 2027 2535 ι

313 2583 400 2656 plecta
425 2585 615 2655 proportione,
630 2584 823 2643 cotrsuetudini
847 2584 1117 2657 meruissetque
1168 2593 1228 2633 rum
1241 2580 1367 2646 ιιιίθιθὶ
1382 2578 1481 2651 quibus
1500 2593 1582 2650 pares
1605 2586 1683 2649 Sum·
1706 2589 1736 2638 et
1756 2579 1950 2639 ⁰⁰¹¹V0¹¹ll¹¹l¹¹¹

315 2677 418 2747 ruitque
443 2691 460 2733 e
484 2678 571 2734 taedia
587 2679 666 2750 plebe
687 2690 918 2752 presumptorem,
943 2680 1116 2735 traditorem:
1168 2670 1251 2743 Nolo,
1275 2673 1353 2743 cuius
1368 2673 1488 2744 priorem
1509 2672 1640 2746 Virgilius
1662 2674 1813 2746 procesit,
1831 2675 1854 2731 si
1874 2688 1950 2732 terna
2026 2662 2027 2675 ¹

314 2783 367 2840 qua
383 2768 489 2827 ratione
503 2768 617 2826 llariam
640 2786 701 2827 euru
717 2783 831 2829 accentu
855 2770 1011 2844 penultimae
1029 2788 1117 2828 enun·
1167 2767 1273 2826 Gellius
1297 2768 1391 2835 tradit,
1413 2768 1458 2825 bic
1479 2768 1605 2841 corripit,
1618 2766 1739 2843 lantque
1754 2770 1869 2827 Nalauttr
1885 2770 1950 2838 adet,

316 2861 403 2925 tiavit,
431 2876 492 2918 curu
514 2859 681 2920 Claudianus
710 2880 832 2936 semper,
847 2873 876 2921 et
898 2864 959 2935 ipse
981 2879 1115 2919 nonnum·
1167 2863 1232 2920 licet
1247 2863 1375 2920 nonnulli
1399 2860 1573 2919 lottieolanns
1588 2864 1710 2921 conluso
1735 2866 1854 2922 locurum
1872 2862 1949 2920 urtlint

314 2970 396 3028 quatu
419 2956 559 3027 corripiat.
586 2957 661 3015 ldem
687 2959 883 3032 populationem
903 2975 954 3032 pro
977 2958 1116 3016 incondita
1167 2956 1301 3013 scribant.
1316 2955 1444 3013 Teutanit
1458 2967 1486 3013 et
1501 2954 1560 3026 ipse
1574 2971 1691 3028 quoque
1705 2956 1838 3015 lastiditis
1857 2956 1951 3029 qratiau

317 3048 492 3106 multitudiue
515 3061 642 3122 usurpat,
658 3050 750 3107 Flebat
769 3052 905 3126 populatio
917 3069 1042 3127 praetem,
1064 3052 1115 3109 etsi
1168 3050 1296 3108 reddere.
1308 3050 1375 3106 llam
1390 3049 1484 3124 volupe
1496 3060 1534 3107 eat
1547 3066 1597 3123 pro
1616 3051 1683 3108 libet
1698 3052 1736 3108 ab
1750 3052 1847 3119 Ennio,
1867 3051 1952 3108 citato

313 3141 476 3214 quibusdam
492 3143 543 3215 logi
559 3144 676 3216 placeat,
691 3142 787 3202 Flebat
799 3145 912 3218 papales
933 3165 1034 3220 qaoque
1047 3114 1152 3222 pram(2
1167 3159 1221 3213 que
1239 3150 1399 3212 mutuatur,
1414 3154 1444 3199 ut
1458 3143 1599 3216 ninqaidoe
1614 3159 1629 3201 a
1643 3144 1807 3214 Lucretio,
1829 3144 1885 3215 qul,
1896 3140 1952 3212 quod
2025 3196 2026 3201 ,

314 3250 384 3291 seur.
409 3234 556 3292 Substituit
569 3247 597 3294 et
611 3236 792 3294 derivativum
819 3254 868 3310 pro
891 3254 942 3295 suo
963 3241 1114 3311 primitivo,
1166 3236 1215 3293 alil
1229 3238 1325 3304 nisan,
1337 3239 1459 3310 uinpaem
1473 3248 1555 3294 vocat
1569 3255 1577 3294 ι
1590 3237 1658 3294 dicit
1677 3248 1708 3296 et
1722 3238 1806 3312 paltet
1818 3252 1865 3311 pro
1878 3236 1951 3309 pubet,

315 3323 466 3398 llempbitir
477 3328 504 3381 in
517 3328 570 3383 oris
589 3342 640 3400 pro
654 3326 830 3400 llempbitidi,
852 3330 925 3387 uude
948 3330 1113 3390 deflectitur.
1166 3339 1194 3386 ct
1211 3327 1281 3384 altar
1303 3343 1336 3386 ert
1356 3329 1497 3402 analogia:
1511 3328 1587 3385 Alter
1601 3333 1716 3399 tepescit
1732 3349 1789 3399 ore,
1806 3346 1895 3386 samm
1906 3343 1954 3401 per·

315 3418 452 3489 Tibullus,
468 3420 556 3477 Pales
570 3422 680 3478 miratur
695 3422 792 3478 Osirim
804 3453 841 3465 -
851 3422 970 3480 Barbara
985 3424 1116 3499 lleurpbi·
1165 3421 1300 3479 toralium
1315 3422 1468 3494 alienigena
1483 3422 1608 3493 quadam
1622 3424 1748 3492 respuit,
1767 3423 1889 3488 Hmsiaa,
1902 3417 1947 3474 tta·

312 3521 364 3569 tem
382 3512 505 3586 plaaqere
518 3514 594 3570 docta
614 3515 712 3572 bouem.
735 3515 831 3573 itidem
846 3525 954 3588 ternpus
967 3533 1017 3590 pro
1041 3528 1114 3575 tem-
1164 3531 1300 3584 serenum,
1312 3513 1424 3585 benitas,
1440 3517 1576 3583 adornant,
1589 3515 1664 3587 quod
1679 3524 1727 3575 est
1739 3519 1866 3595 χάραξι,
1878 3514 1952 3578 idest,

312 3618 394 3675 pore,
408 3605 481 3678 quod
503 3621 553 3678 per
564 3621 595 3664 se
607 3607 726 3681 quisque
744 3606 824 3666 lacile
837 3607 1036 3681 deprehendet.
1057 3608 1113 3667 0b·
1164 3610 1344 3677 calamorum,
1365 3609 1532 3682 sudiumqne
1552 3610 1703 3683 lastiqatis,
1728 3621 1814 3684 atque
1834 3608 1952 3666 subtilbns

310 3700 400 3757 soleta
413 3699 537 3772 quaedam
557 3701 585 3758 in
608 3718 687 3759 usum
703 3712 823 3775 revocat,
850 3714 880 3761 ut
893 3704 1041 3776 penienlnnt
1065 3722 1115 3778 pro
1164 3705 1276 3775 spiculis
1290 3720 1389 3777 corpus
1404 3705 1503 3776 tuuqtt,
1519 3706 1593 3776 quod
1604 3720 1700 3777 prena:
1714 3722 1806 3778 penus
1814 3704 1898 3761 adbuc
1910 3700 1955 3756 llis

311 3899 377 3943 casu
391 3887 491 3945 Latino
504 3903 538 3945 ιι
551 3889 663 3962 ιιιιιιι
677 3891 872 3959 declinatione,
888 3893 987 3949 decerta
997 3894 1112 3964 capillis,
1164 3906 1218 3961 quo
1233 3889 1357 3947 debueus
1368 3892 1442 3945 nuda
1456 3889 1602 3962 excipitur,
1620 3901 1650 3947 et
1661 3908 1718 3965 pro
1736 3886 1958 3949 tumulotnnlmt·

313 3979 386 4052 quod
400 3982 472 4054 apud
487 3982 605 4041 Ennium
619 3984 725 4054 teporat
735 4025 744 4054 ,
756 3984 835 4042 Terta
849 3985 1007 4059 nitetqoiea.
1023 3985 1114 4043 Pauca
1164 3983 1219 4040 Nec
1234 3983 1261 4038 in
1277 3985 1468 4039 cotrarietaueis
1481 3983 1667 4054 scriptoribus
1686 3983 1850 4042 lectitandis
1865 3992 1955 4052 opereat

311 4072 436 4143 quedam
452 4075 574 4143 novarit,
596 4084 626 4133 ut
641 4094 777 4148 pompare,
791 4076 865 4150 quud
884 4078 1064 4150 ampullarius
1078 4081 1113 4137 ad
1163 4077 1263 4135 lusisse
1276 4077 1361 4133 videri
1376 4078 1463 4134 voluit
1478 4094 1485 4133 :
1500 4080 1572 4135 uude
1584 4078 1742 4150 plerasque
1756 4081 1888 4138 dictiones
1897 4087 1959 4132 arce

309 4165 441 4224 iuvidiam
455 4176 579 4226 velarunt
595 4180 736 4242 poetarum
753 4171 881 4247 contria,
895 4173 1022 4246 sirrtplot,·
1036 4172 1113 4240 Quod
1162 4173 1213 4245 pit,
1229 4171 1374 4243 ecelesiam,
1390 4169 1582 4244 enauqelistam,
1594 4172 1743 4244 factorem,
1755 4165 1959 4248 pretereunti-

310 4258 431 4330 ιιιιριιι,
446 4262 578 4334 {triplicet
597 4263 717 4338 qnodque
739 4274 776 4321 est
800 4266 966 4337 triplicabile,
987 4268 1113 4340 simplet:
1161 4264 1264 4330 mains,
1280 4281 1294 4319 a
1309 4280 1364 4337 qun
1376 4276 1486 4322 veteres
1501 4278 1750 4337 temperaverunt,
1765 4269 1887 4342 psalmos,
1901 4276 1958 4317 rutr-

311 4355 349 4411 lta
364 4370 484 4429 namque
497 4359 684 4431 scribendum,
697 4376 752 4418 non
771 4362 891 4435 simplex.
905 4361 930 4419 Α
944 4363 1112 4433 praeseriptis
1162 4368 1243 4429 tprar,
1258 4373 1327 4430 quus
1341 4368 1369 4414 et
1383 4357 1481 4416 Latine
1491 4368 1567 4415 testes
1581 4359 1808 4434 interpretatur,
1820 4371 1849 4416 ut
1860 4354 1958 4431 arqdn.
2021 4374 2022 4413 t

309 4448 433 4506 numeris
453 4450 600 4522 aliquando
613 4453 740 4512 discedit.
751 4454 818 4511 Nam
840 4454 947 4512 videbis
960 4454 1033 4526 apud
1048 4471 1110 4511 euru
1162 4458 1191 4505 et
1204 4450 1323 4518 nuntior,
1338 4460 1367 4508 et
1380 4451 1446 4519 alla,
1462 4468 1523 4523 qnae
1540 4462 1597 4509 tute
1611 4453 1800 4513 observabis.
1815 4453 1882 4511 Sunt
1892 4456 1917 4507 el
1928 4446 1961 4517 iP·

308 4538 326 4593 b
347 4540 521 4614 aspirationis
545 4552 637 4600 notatu
658 4545 713 4602 vim
723 4550 727 4555 ’
736 4545 838 4604 littera:
858 4546 1018 4615 irequeuter
1037 4546 1109 4604 obli·
1122 4513 1150 4576 Ῑ)
1161 4543 1218 4600 sius
1232 4557 1280 4600 atta
1289 4543 1414 4616 quaedam
1427 4547 1550 4617 propria,
1562 4549 1716 4617 animant,
1730 4550 1760 4607 id
1774 4559 1829 4615 est,
1840 4545 1959 4604 addimit

310 4645 388 4702 uere,
405 4632 532 4690 loannem
547 4636 634 4706 prima
649 4637 735 4704 breti,
748 4653 869 4708 comper
882 4661 904 4693 ω
918 4648 1038 4695 notetur.
1053 4639 1108 4697 Sed
1160 4635 1195 4692 ab
1209 4653 1278 4706 aare,
1300 4636 1443 4708 interjecta
1470 4640 1549 4713 106
1571 4641 1757 4713 aspiratione
1778 4644 1868 4700 hiatus
1886 4648 1960 4700 ιιιιι,
2020 4702 2021 4711 ,

308 4723 466 4784 delenditur
479 4732 607 4802 exemplo
628 4732 757 4799 baronis,
780 4733 827 4805 qui
849 4734 973 4791 eamdent
988 4734 1107 4792 litteram
1160 4728 1248 4783 artinis
1271 4744 1321 4799 ltro
1342 4731 1439 4787 morbo
1459 4732 1620 4790 attitulati:
1648 4734 1773 4792 Notiora
1794 4741 1890 4808 loterel
1911 4742 1960 4800 pso:

308 4815 338 4873 in
358 4836 373 4870 o
388 4822 515 4890 mutavit,
529 4831 611 4895 alque
625 4825 759 4897 corripuit
774 4826 800 4881 iu
818 4824 1056 4902 Orione.'lleqnla⁸
1066 4828 1109 4885 dt.
1160 4820 1289 4895 podapra,
1305 4831 1329 4877 ct
1342 4823 1442 4894 artinis,
1458 4825 1551 4881 anatta
1566 4828 1601 4883 ab
1615 4844 1677 4883 anat
1690 4830 1898 4893 diminutivum,
1915 4836 1963 4898 ιιι·

306 4911 419 4982 quitatis
433 4930 532 4971 trutttcu
544 4919 615 4988 apud
630 4919 758 4977 eumdem
769 4932 937 4995 anapaestus,
952 4933 999 4982 aut
1010 4925 1109 4983 tribra·
1158 4924 1279 4984 ‘lilim‘
1301 4930 1352 4986 Pf⁰
1374 4919 1487 4988 parante,
1512 4934 1692 4992 limitemur
1720 4923 1838 4989 840830,
1864 4931 1960 4977 ‘W’

305 5005 375 5062 cirus
389 5019 443 5075 est,
453 5021 515 5063 etrus
528 5025 586 5077 rea,
600 5026 614 5065 a
628 5027 683 5084 qun
695 5012 860 5080 deflectitur,
870 5030 967 5074 ornnes
980 5018 1108 5089 obliquos
1159 5023 1240 5081 (luem
1254 5009 1301 5066 alli
1315 5011 1498 5079 sacerdotem,
1517 5011 1661 5084 Vidimus.
1678 5033 1696 5072 a
1711 5016 1815 5073 Cbritti
1831 5012 1961 5073 venedam
2019 5046 2020 5057 2

305 5098 448 5171 producat.
464 5100 517 5158 Sed
531 5118 563 5159 er
581 5104 614 5160 iis
639 5106 844 5178 intelligendum
858 5117 910 5180 est,
924 5124 986 5182 qum
1009 5111 1108 5182 primi.
1157 5120 1232 5160 sacer
1249 5105 1300 5160 :io
1315 5120 1370 5175 quo
1388 5106 1499 5164 nomine
1516 5106 1654 5179 liquidam
1669 5109 1851 5182 duplicavit,
1872 5101 1962 5164 utalibi
2018 5074 2020 5197 ι

306 5190 356 5247 tivi
372 5207 516 5250 rinmerum
539 5206 657 5265 mutant,
680 5207 708 5254 et
733 5214 814 5270 quem
837 5200 978 5272 accipiunt
1006 5201 1109 5272 produ·
1158 5197 1961 5277 tovitlena,stretttptme.1teauoomerneprosaenl·

307 5294 394 5355 ctrina,
410 5288 588 5356 contrabant,
604 5292 731 5360 stoicas,
739 5295 857 5360 incana,
867 5295 981 5361 stabilit,
996 5304 1025 5351 ιι
1032 5311 1110 5352 ιιιι-
1156 5306 1221 5348 care
1230 5291 1308 5359 dicit,
1324 5303 1352 5349 et
1364 5302 1522 5365 sacrantem,
1538 5296 1769 5355 sacrificantem.
1787 5296 1853 5353 Esto
1872 5303 1961 5368 quoquc

302 5379 437 5450 pluscula.
458 5381 637 5455 Artaprestum
658 5400 770 5457 quoquo
795 5385 861 5443 lecit
880 5389 906 5444 in
932 5387 1027 5455 llario,
1043 5403 1105 5446 cum
1156 5388 1229 5457 apud
1243 5403 1306 5445 euru
1327 5389 1511 5460 quorumdam
1527 5392 1674 5448 sententia
1698 5393 1833 5465 verbum,
1848 5384 1961 5448 autaldu-

304 5472 364 5544 alos
387 5476 475 5534 media
491 5479 570 5551 longa
590 5482 627 5537 sit
653 5480 750 5540 Graeca
773 5482 953 5557 dipbtbonqo.
968 5484 1102 5544 Ovidius:
1157 5481 1398 5554 mandipauicuia
1413 5492 1537 5550 inanest,
1561 5482 1610 5540 scd
1639 5484 1784 5543 hortandi
1801 5483 1960 5544 adverbium.

305 5560 389 5634 litque
410 5579 560 5628 necatorem
580 5572 670 5631 umor·
689 5577 784 5647 prande
806 5578 923 5649 seomidi,
950 5578 1013 5647 nisi,
1028 5578 1103 5651 qnod
1156 5573 1385 5644 neqttenumeris,
1395 5590 1484 5649 neque
1495 5575 1805 5648 personisluserniens
1820 5578 1962 5646 :sempe

300 5667 366 5711 lecu
386 5661 499 5730 propius
520 5665 670 5735 existimo,
687 5667 852 5742 bisyllabum
879 5671 1012 5742 protulit:
1037 5686 1102 5730 uata
1155 5684 1212 5735 cur,
1227 5672 1320 5743 sotter,
1332 5678 1357 5726 et
1371 5670 1465 5729 ιιιιιιιι
1477 5671 1573 5727 uiribus
1587 5686 1696 5729 annae.
1719 5674 1784 5751 llos
1801 5689 1868 5730 rere
1887 5673 1961 5739 lette·

301 5748 404 5804 multus
418 5753 447 5806 in
461 5755 617 5824 hujusmodi
629 5764 833 5822 concisionibus
847 5767 996 5838 iuvenitur,
1013 5777 1043 5825 ut
1054 5769 1101 5840 qul
1154 5764 1219 5821 dum
1231 5773 1368 5838 putamus,
1386 5765 1457 5823 Este.
1472 5766 1633 5825 Occurrent
1645 5775 1678 5825 et
1691 5769 1791 5843 aliqua
1802 5767 1960 5826 sumasne.

295 5839 454 5909 “militium
468 5858 517 5913 pro
531 5846 732 5917 dissipaberunt,
747 5857 850 5926 mstipis
861 5872 911 5928 pro
921 5859 1033 5929 aertiqiis
1048 5875 1101 5915 sa·-
1154 5851 1252 5929 fornia,
1273 5858 1370 5929 idest,
1387 5858 1510 5930 lupanar,
1530 5852 1624 5915 tolum
1653 5876 1710 5931 pro
1725 5850 1809 5934 pedis
1830 5859 1911 5923 calce.
1921 5862 1960 5908 lc·

311 3795 425 3866 spongia
440 3795 574 3863 Terentii,
595 3794 739 3869 Plautique
762 3799 935 3868 auctoritate,
950 3817 1066 3877 prerepp
1085 3803 1113 3858 in
1165 3797 1228 3869 paui
1251 3798 1391 3864 retinent:
1407 3806 1536 3871 appiam,
1552 3798 1718 3870 colymbam,
1740 3799 1769 3855 id
1792 3807 1844 3863 est,
1859 3796 1953 3858 labrum,
2023 3806 2024 3813 ¹
