4150 6167
124 274 176 336 litt
712 270 855 330 CARMEN
875 271 1065 330 resultans.
1086 270 1150 327 llll.
1170 272 1190 328 l.
1725 277 1778 333 nnn

228 393 295 449 line
307 401 350 450 est
368 408 433 451 vera
452 393 532 463 sides,
547 394 617 451 ltane
636 397 743 468 spreuit
760 398 862 454 tabere
881 413 924 453 sa·
939 413 965 472 Α
1051 396 1086 451 tlt
1104 393 1247 460 Dominus,
1267 391 1393 461 uerbum,
1413 394 1511 462 virtus,
1535 395 1680 465 sapientia,
1699 393 1780 452 Chri·

780 488 790 564 [
803 491 887 546 lutem
1658 487 1739 562 letus,

127 578 178 636 suo
195 579 293 636 Arrius
308 579 422 651 inlelix,
437 582 483 654 qni
498 597 583 639 curva
596 598 645 654 per
658 584 719 639 avia
737 594 841 640 rectum
1049 580 1177 635 littorum
1190 594 1336 650 commune
1348 579 1448 648 Patris,
1464 579 1610 637 delumine
1624 582 1727 651 lumen,

198 670 325 728 Flectere
339 672 417 728 nisus
428 673 493 741 iter,
510 673 617 730 foveam
631 674 763 747 delapsos
778 677 805 730 in
820 686 907 730 atram
1028 722 1030 726 .
1050 673 1089 729 lte
1103 675 1162 730 solo
1177 675 1265 743 solus,
1290 675 1334 731 cui
1360 690 1412 732 nee
1432 674 1523 731 minus
1535 685 1576 731 est
1603 674 1684 732 Patre
1704 676 1784 747 quid·

196 762 318 828 Corruit,
332 773 362 820 et
374 766 438 820 tetri
454 780 565 823 mersus
578 769 647 839 petit
660 769 715 824 itna
729 767 855 839 profundi
869 786 876 823 :
1462 788 1468 799 ·
1639 767 1743 842 [quam

198 858 263 914 Tam
274 873 376 916 saeuus
390 875 485 928 sensu,
497 860 579 932 justae
590 877 671 934 quam
691 871 815 934 tempore
825 877 927 934 poenae,
979 859 1033 917 515
1054 857 1134 932 190
1154 858 1232 941 Nee,
1262 875 1317 932 quo
1343 871 1459 929 creseat,
1483 859 1713 932 lrabet,'qenitas,
1731 877 1783 918 non

202 952 283 1027 189
307 952 465 1012 Visceribus
488 953 567 1026 lusis,
594 972 696 1014 uacuus
710 973 819 1032 quoque
834 966 931 1014 ventre
1501 952 1612 1027 [quippe
1625 962 1746 1025 creatus,

742 1054 892 1119 [remansit.
957 1078 962 1087 ·
1054 1047 1114 1118 lpse
1128 1058 1171 1104 est
1189 1048 1354 1121 principium
1371 1067 1378 1103 ε
1393 1063 1456 1103 nam
1478 1048 1550 1104 sicut
1563 1047 1656 1104 clarus
1671 1047 1788 1105 nabetur

131 1139 182 1197 303
200 1139 328 1207 Demens,
343 1140 470 1212 perpetui
480 1142 526 1214 qui
539 1157 593 1199 non
614 1142 746 1199 imitanda
760 1144 881 1216 parentis
1054 1138 1083 1193 ln
1104 1141 1228 1211 genitore
1255 1155 1380 1207 maerens,
1406 1140 1514 1210 genitor
1528 1154 1637 1211 qnoque
1655 1141 1787 1221 elarns'in

200 1236 281 1305 iura,
297 1236 463 1294 caducorum
486 1239 615 1310 gradibus
628 1240 766 1296 simulauit
781 1242 932 1297 tmnoruml
1683 1233 1754 1307 [W

202 1328 323 1401 Namque
334 1329 458 1387 homines
472 1331 543 1386 inter
558 1341 649 1386 natum
663 1334 787 1404 genitore
802 1333 934 1388 minorem
1060 1326 1226 1395 Permanet,
1254 1338 1282 1383 et
1295 1342 1388 1384 rerum
1412 1335 1493 1399 caput
1506 1336 1548 1384 est
1560 1327 1632 1383 Dens
1649 1342 1720 1383 trtius
1733 1327 1791 1383 ubi-

203 1421 258 1479 Ler
270 1422 389 1478 curiatiis
400 1420 493 1489 habet,
507 1424 635 1497 quoniam
650 1432 730 1496 pater
747 1424 804 1495 ipse
815 1426 936 1496 parentis
1677 1419 1753 1496 [qua.

206 1515 290 1572 Filius
303 1527 367 1572 ante
380 1516 451 1573 luit:
467 1532 529 1573 mor
545 1528 573 1574 et
585 1516 635 1591 qui
645 1518 717 1574 lilius
729 1528 772 1573 est
781 1534 864 1585 nnete,
1062 1517 1195 1591 Nonquia
1209 1519 1256 1591 qni
1267 1534 1389 1575 summus
1396 1520 1476 1576 Pater
1487 1528 1540 1587 est,
1551 1518 1673 1575 etFilins
1684 1519 1728 1574 liic
1739 1528 1794 1584 est,

134 1609 186 1665 stu
205 1607 484 1680 diloretessepater3
500 1609 541 1665 sie
552 1626 600 1681 per
613 1625 700 1682 genus
712 1628 794 1667 omne
805 1619 936 1683 nepotum
990 1611 1043 1667 5ιο
1061 1612 1114 1670 Sed
1130 1612 1195 1685 quia
1208 1612 1281 1684 quod
1297 1628 1420 1671 summus
1433 1613 1515 1670 Pater
1529 1620 1582 1681 est,
1603 1620 1632 1668 et
1642 1612 1729 1670 Filius
1742 1611 1797 1668 ltoe

205 1702 229 1769 lt
240 1717 310 1758 nora
325 1701 470 1773 progenies
479 1710 508 1759 et
522 1705 566 1758 ati
581 1713 762 1760 numerantur
776 1718 900 1760 auorum.
1329 1704 1336 1711 '
1693 1702 1757 1777 [est.

809 1818 899 1876 OPUS
919 1818 1112 1877 sisennus.

139 1941 202 2015 plici
217 1940 360 2010 majestate
374 1939 411 1996 sit
427 1936 537 2010 triplos.
561 1947 589 1995 ot
614 1937 714 2010 triplici
738 1939 882 2008 majestate
904 1936 941 1993 sit
955 1943 979 2004 Β
992 1938 1124 2003 excurrit,
1138 1945 1167 1993 et
1195 1951 1308 1993 avorum
1330 1939 1402 1992 atavi
1426 1938 1505 1993 senio
1522 1935 1537 1976 ι
1559 1947 1739 1993 numeramur
1759 1938 1800 1993 ln-

140 2034 264 2104 simplex.
294 2031 357 2087 llece
381 2040 425 2088 eet
446 2048 509 2088 uera
525 2030 603 2101 itdes,
629 2039 657 2086 et
684 2031 762 2087 firma
783 2030 940 2087 credulitas.
994 2034 1079 2103 genti.
1097 2031 1237 2097 Dominus,
1251 2031 1430 2103 quiterbum,
1445 2032 1543 2099 uirtus,
1556 2032 1701 2104 sapientie,
1719 2042 1746 2088 et
1762 2041 1805 2089 to·

142 2126 216 2182 lianc
231 2124 347 2181 snlntem
362 2123 458 2179 infelix
468 2124 567 2181 Arrius
579 2122 680 2179 habere
690 2122 868 2192 contempsit,
884 2123 942 2192 qui,
997 2137 1054 2181 tum
1071 2140 1217 2180 commune
1230 2124 1329 2189 Patris,
1344 2124 1532 2191 estCltristus‚
1547 2124 1580 2179 du
1595 2126 1699 2181 lumine
1710 2125 1803 2181 lumen

141 2234 191 2293 per
206 2218 301 2274 deuios
314 2219 390 2274 curti
404 2217 482 2274 callis
496 2217 637 2274 nutlractns
650 2217 715 2273 dum
731 2226 834 2274 rectum
851 2216 945 2272 nititur
999 2228 1136 2284 exortum,
1151 2219 1258 2275 desolo
1272 2220 1401 2275 solusest
1414 2228 1507 2285 nutus,
1525 2220 1572 2291 qni
1591 2235 1641 2275 nco
1656 2220 1738 2276 Patre
1753 2220 1805 2276 mi·

143 2313 196 2369 iter
210 2322 346 2381 auertere,
361 2319 457 2368 tetram
481 2310 608 2381 delapsus
621 2310 648 2366 in
662 2308 781 2377 loreum,
804 2308 947 2378 caligantis
1002 2326 1053 2365 nor
1070 2311 1097 2365 in
1111 2310 1214 2381 aliquo,
1230 2324 1280 2367 nec
1290 2320 1344 2379 est,
1362 2326 1416 2381 quo
1429 2321 1548 2379 creseat,
1572 2312 1655 2367 rebus
1669 2314 1804 2371 uniuersis

145 2405 241 2463 tareni
255 2412 367 2462 secutus
382 2405 527 2461 tenebrosa
548 2412 601 2474 est,
620 2411 674 2458 tam
696 2415 778 2458 sensu
793 2415 904 2470 uacuus,
921 2409 950 2456 et
1002 2402 1150 2468 excelsior,
1166 2401 1267 2472 qnippe
1289 2403 1336 2472 qui
1354 2404 1471 2473 genitus,
1495 2419 1549 2458 non
1568 2413 1688 2471 creatus,
1704 2422 1804 2463 nornen

145 2498 246 2566 inanis,
261 2512 343 2568 quant
359 2504 485 2566 tempore
504 2494 570 2564 justi
586 2493 712 2564 supplicii
732 2502 828 2549 ventre
840 2506 949 2563 quoque
1003 2497 1086 2554 nabet
1107 2512 1157 2568 pro
1178 2500 1335 2554 summitate
1358 2497 1540 2570 Principium:
1557 2502 1593 2556 ita
1608 2503 1692 2570 enim,
1707 2518 1804 2560 secun-

147 2606 247 2647 uacnus
258 2589 486 2647 lusistiscerilrns
494 2586 652 2658 exspiravit.
662 2587 789 2654 Demens,
801 2585 846 2656 qui
861 2593 950 2654 paler·
1002 2591 1068 2647 dnm
1082 2591 1228 2659 loannem,
1240 2592 1343 2649 lunaels
1357 2594 1558 2664 requirentibus
1574 2611 1636 2653 sese
1650 2598 1720 2655 quq
1743 2616 1805 2659 οὓς,

150 2701 192 2743 nte
207 2684 355 2740 diuinitatis
368 2684 441 2754 jura,
459 2681 557 2737 nullius
568 2681 694 2751 exemplo
709 2677 893 2735 similitudinis
902 2693 949 2731 co·
1003 2685 1178 2756 principium.
1192 2685 1264 2754 Quid
1280 2702 1346 2759 ergo
1359 2688 1520 2758 principium
1536 2702 1590 2757 est,
1606 2692 1661 2747 nisi
1674 2708 1804 2753 cacumen

148 2779 292 2851 ecquando,
308 2778 417 2835 caducis
434 2777 538 2849 pulerit
552 2775 681 2847 gratillius
692 2774 843 2846 computari
856 2774 864 2828 l
879 2773 951 2828 lnter
1004 2778 1153 2843 excelsum,
1166 2793 1247 2847 supra
1260 2780 1333 2850 quod
1347 2779 1413 2835 nilril
1425 2782 1531 2851 penitus
1543 2785 1688 2855 reperitur,
1701 2803 1809 2859 semper

151 2872 277 2928 homines
289 2886 407 2943 nutatque
421 2870 524 2926 corneli
538 2868 598 2940 lege
616 2878 759 2925 nascentes
774 2866 846 2922 illius
862 2865 952 2920 minor
1005 2867 1034 2926 in
1043 2870 1122 2926 Patre
1135 2885 1310 2941 permanens,
1323 2872 1408 2943 quiin
1421 2874 1479 2943 ipso
1491 2891 1601 2945 semper
1613 2890 1705 2933 manet
1718 2881 1805 2942 Pater.

150 2976 195 3024 est
207 2977 292 3039 patre,
306 2968 432 3040 quoniam
455 2975 533 3036 pater
544 2965 613 3036 ipse,
629 2964 675 3036 qui
692 2963 777 3019 lilium
799 2977 872 3017 nune
885 2976 954 3033 prte-
1009 2977 1155 3032 rerumque
1169 2963 1290 3019 omnium
1305 2973 1397 3036 eaput,
1415 2980 1486 3020 unus
1502 2965 1648 3024 indit-lona
1661 2971 1811 3040 ntajestatis

150 3061 234 3125 cedit,
250 3058 479 3130 pouloantelllius
490 3056 551 3125 luit,
565 3057 648 3128 etqui
662 3055 736 3112 lilius
749 3063 801 3121 est,
812 3070 885 3111 nune
899 3070 959 3111 cer·
1009 3066 1053 3112 est
1065 3045 1145 3121 Dens,
1159 3069 1211 3111 non
1227 3055 1288 3125 qnia
1303 3054 1387 3111 illins
1401 3057 1444 3112 llic
1454 3059 1581 3115 credatur
1591 3075 1663 3131 esse,
1677 3064 1722 3134 qui
1730 3063 1811 3122 Pater

151 3152 249 3220 uitur,
273 3166 335 3208 cum
351 3159 365 3190 ι
382 3162 460 3223 pater
479 3149 537 3206 lieri
562 3164 644 3220 posse
664 3163 718 3204 non
735 3148 850 3205 liabetur
870 3145 957 3203 ambi·
1010 3156 1065 3217 est,
1079 3147 1126 3203 sed
1136 3148 1199 3221 quia
1210 3147 1488 3209 Filiushoccredator
1499 3168 1573 3221 esse,
1584 3160 1657 3225 quod
1669 3157 1749 3215 Pater
1757 3169 1811 3228 est,

152 3262 247 3320 quum.
263 3244 309 3303 Sic
329 3261 377 3315 per
392 3258 501 3301 omnem
515 3252 647 3314 nepotum
661 3241 761 3299 seriem
777 3256 845 3298 nora
869 3238 960 3313 proles
1011 3240 1084 3298 sient
1097 3256 1146 3312 per
1160 3242 1345 3314 evangelicam
1361 3243 1419 3314 ipse
1442 3246 1549 3304 locutus
1570 3255 1613 3304 est
1635 3249 1810 3326 doctrinam,

899 3352 1059 3412 SGROle.

188 3479 376 3539 sensnum
412 3493 442 3533 ro
458 3476 650 3534 titulozdrrii
665 3474 825 3543 Sabelliique
837 3472 1078 3541 iaererimcriqe,
1091 3470 1118 3526 ιι
1132 3488 1209 3526 ruore.
1225 3472 1332 3543 Virgilii
1353 3474 1436 3531 verba
1451 3485 1516 3533 sunt
1531 3477 1548 3532 l.
1564 3493 1593 3535 tt
1608 3479 1722 3554 Georg,
1740 3500 1812 3542 rers.
1876 3470 1879 3475 ¹

152 3563 280 3610 tuean-
295 3552 376 3607 [leest
391 3493 440 3605 gie
453 3564 550 3605 uersus
566 3549 592 3603 in
609 3546 665 3603 Οιι.
683 3547 709 3616 l,
724 3547 772 3602 sed
786 3559 802 3599 a
817 3562 854 3599 m.
871 3559 895 3598 s.
912 3545 953 3599 in-
1007 3543 1081 3601 208:
1100 3541 1132 3596 El
1146 3545 1187 3598 ιιι
1203 3553 1372 3599 attractatam?
1383 3562 1500 3603 “votum-

150 3635 248 3683 sertus
261 3634 314 3679 est.
332 3621 460 3677 Paulinus
477 3620 530 3675 lln.
546 3619 575 3676 S.
589 3618 682 3687 ilari„
693 3619 712 3673 l.
728 3633 737 3672 t
752 3635 758 3671 :
776 3616 896 3671 Atlanteo
910 3630 954 3669 ore
1041 3615 1101 3670 5ιᾶ
1119 3611 1226 3681 Ariste,
1244 3613 1291 3667 su
1306 3626 1410 3683 totam,·
1425 3618 1497 3687 quod
1513 3621 1642 3678 sustineri
1656 3639 1737 3692 posse
1749 3628 1809 3681 eri·

151 3699 236 3769 finem
248 3694 345 3757 eeneii,
360 3695 400 3748 ocl
412 3691 489 3747 corde
502 3692 623 3746 salutern.
1006 3686 1100 3740 stitnat
1122 3685 1298 3747 lirntzenius,
1323 3688 1345 3740 si
1361 3692 1716 3763 ntterpnngatursupientia.
1733 3694 1811 3752 cort-

192 3767 258 3823 zon.
273 3769 370 3830 Arne,
384 3773 479 3819 retecto
490 3777 535 3830 per
550 3763 620 3823 noio,
632 3759 813 3821 minushene.
1005 3767 1061 3812 etus
1074 3784 1111 3796 -
1124 3754 1183 3824 Est,
1199 3766 1281 3811 totum
1292 3773 1426 3814 conrnune
1443 3758 1542 3816 Putris.
1559 3762 1619 3819 Vnt.
1639 3766 1664 3829 l,
1683 3764 1717 3820 Et
1729 3777 1812 3823 totum

191 3841 258 3894 snt.
275 3837 368 3900 nient„
381 3831 499 3890 Flectere
514 3834 563 3889 iter
577 3833 662 3896 nient,
678 3846 731 3887 non
748 3830 830 3885 ntale.
847 3825 908 3884 ιιι.
927 3830 954 3894 ι,
1006 3839 1043 3883 ert
1054 3844 1189 3883 coniurare
1204 3825 1301 3882 Putris.
1317 3828 1414 3885 Melius
1425 3839 1515 3888 tamen
1530 3835 1636 3902 uulgata
1652 3838 1732 3894 lectio
1744 3843 1811 3895 reti·

151 3908 359 3966 flecteremini
372 3907 430 3974 iter,
443 3909 512 3961 lorte
523 3920 617 3960 errore
630 3901 833 3975 tynqraptnco.
847 3900 915 3967 Req.
927 3898 954 3964 l,
1008 3900 1128 3955 neltitur.
1139 3899 1204 3954 llaec
1214 3898 1353 3955 Trinitatis
1361 3902 1507 3969 explicatio
1516 3906 1636 3960 conlerri
1648 3919 1741 3977 potest
1749 3926 1810 3966 entn

152 3985 250 4039 tlane.
267 3981 292 4045 i,
309 3979 401 4044 tanin,
418 3983 527 4037 dente..
543 3976 617 4045 did„
630 3971 763 4045 dilapsus,
786 3973 859 4042 quud
880 3971 957 4027 dnm·
1008 3968 1158 4027 Prntlentio
1170 3971 1271 4043 Apotlt.
1284 3985 1357 4027 vers.
1371 3972 1435 4041 ιιι,
1453 3975 1546 4047 ltymn.
1564 3977 1598 4034 to
1611 3979 1711 4036 Perist.
1736 3998 1809 4038 vers.

148 4067 204 4112 nat
219 4051 394 4106 nrntzenins.
409 4048 537 4112 Plerique
552 4048 654 4103 liaberet
666 4046 788 4117 delapsus
803 4059 813 4098 .·
826 4043 874 4099 sed
889 4041 958 4111 ejus·
1009 4041 1064 4097 sto
1075 4056 1152 4113 seqq.

149 4124 236 4183 modi
257 4120 422 4192 permutatio
437 4119 565 4190 frequens
575 4126 618 4173 est
637 4117 663 4172 in
679 4115 838 4186 compositis
852 4127 959 4186 praepo·
1046 4109 1421 4196 3¹⁴·Sclled2131'0‘flfflolffl'
1437 4132 1484 4171 ἰιι
1494 4118 1625 4174 ιιῐιθῐθιῑ
1641 4118 1720 4176 Ραιιθ
1734 4122 1811 4191 lum·

147 4198 261 4254 sitiente
276 4194 318 4247 de,
334 4191 390 4263 Reg
414 4191 441 4254 l,
457 4206 472 4244 a
486 4207 510 4243 s.
526 4206 576 4258 nn,
593 4188 726 4260 oetapnn.
1009 4200 1097 4256 quant.
1114 4184 1194 4249 diss,
1207 4192 1234 4238 et
1257 4184 1334 4251 editi,
1360 4185 1403 4239 etri
1426 4203 1474 4241 tter
1492 4194 1576 4244 ntinnu
1590 4200 1627 4246 eet
1640 4190 1719 4248 Putre
1733 4194 1811 4265 qnid·

191 4266 261 4322 sot.
280 4263 373 4333 Turpe
397 4261 493 4317 mortis
507 4275 605 4332 gentis,
621 4275 674 4329 «qno
688 4256 803 4329 periisse
818 4256 912 4312 Arium
924 4269 957 4311 ex
1009 4270 1099 4381 quom
1113 4254 1161 4308 sed
1174 4256 1200 4308 in
1215 4254 1272 4338 (ιιι.
1285 4257 1297 4310 l
1310 4270 1380 4338 apr.
1394 4273 1430 4311 m.
1447 4271 1506 4314 erat
1521 4264 1663 4317 minoren.
1680 4262 1811 4323 Fortasse

63 4342 64 4347 ’
146 4336 313 4397 Annalibus
327 4333 521 4389 ecclesiasticis
529 4338 646 4387 constat.
1022 4325 1168 4396 egendum,
1189 4340 1234 4394 ιιι
1247 4342 1293 4381 '¹⁶⁶
1305 4337 1439 4383 '’lime'‘
1458 4328 1539 4386 lef
1552 4334 1703 4404 liliatam,
1719 4335 1746 4389 ¹¹·
1771 4351 1811 4403 On

194 4408 262 4464 505·
278 4406 346 4476 ch.
358 4406 386 4473 ὁ,
400 4405 463 4475 qum
473 4420 525 4457 „on
542 4418 550 4456 .·
566 4400 706 4473 virginus,
726 4414 808 4472 quem
832 4398 960 4456 sedulius
1011 4397 1058 4469 qni
1072 4396 1252 4467 nequidquam
1268 4398 1356 4480 minor
1369 4410 1411 4453 est
1424 4398 1515 4455 Patre.
1528 4402 1590 4459 Non
1603 4421 1676 4461 etnnt
1693 4422 1755 4461 raro
1767 4424 1808 4462 ne-

150 4481 298 4539 wham
312 4478 393 4532 habel
405 4476 449 4547 qm·
464 4491 526 4529 „mh
1011 4468 1153 4540 quidquam
1165 4482 1213 4538 pro
1227 4466 1304 4528 ninii,
1321 4471 1364 4525 tei
1379 4486 1431 4526 nott
1444 4474 1667 4541 ponitencnero
1680 4491 1689 4530 t
1700 4476 1811 4533 'fusoni

192 4551 262 4607 Μ,
274 4548 342 4615 Μ,
357 4549 384 4611 q,
394 4547 424 4611 ς,
437 4548 464 4614 p,
474 4546 500 4613 5,
515 4545 607 4609 amn„
616 4544 690 4608 Alb„
702 4542 763 4598 vm.
777 4544 803 4610 l,
815 4558 876 4597 cnm
889 4540 961 4606 aliis,
1012 4554 1037 4596 c.
1054 4540 1086 4594 δι
1100 4556 1108 4598 :
1125 4539 1356 4595 Seeernereoutem
1371 4546 1626 4612 eoorporeonimnm
1640 4547 1815 4621 nequidquam

146 4622 294 4681 eintilunit.
308 4619 365 4674 Ott.
381 4621 391 4673 l
407 4619 442 4672 ita
453 4620 547 4683 eliam,
559 4617 607 4671 sed
620 4616 736 4677 uidetur,
750 4613 824 4686 prius
835 4612 962 4668 traortisso
1013 4611 1143 4676 aliudest,
1157 4626 1235 4680 quom
1248 4612 1331 4665 emori
1350 4613 1461 4680 discere,
1483 4616 1542 4672 siue
1565 4620 1638 4690 legas
1664 4636 1726 4675 cnut
1749 4621 1813 4677 altis

147 4695 306 4757 amatam,
323 4691 393 4758 ιμιοιι
410 4699 498 4744 exstat
525 4691 550 4742 in
566 4687 755 4749 munientes,
774 4694 855 4755 noque
870 4685 959 4740 editis.
1014 4682 1224 4754 necquidquam,
1246 4686 1303 4739 siue
1320 4683 1386 4738 ntttl
1399 4686 1548 4755 quidquam.
1565 4688 1605 4745 Ex
1620 4705 1700 4758 prose
1721 4703 1813 4749 autem

147 4764 294 4824 Nonnulli
306 4762 486 4825 corin-mlum,
499 4757 614 4813 rintilare
628 4757 754 4813 Latinium
767 4772 820 4811 mnu
834 4772 907 4821 esse,
923 4763 962 4820 el,
1014 4753 1123 4823 rolpoto
1140 4753 1222 4809 lectio
1234 4753 1401 4810 defelldillll'·

146 4839 330 4904 „bicumque
343 4832 368 4886 id
383 4831 497 4888 verbum
511 4829 642 4896 occurrit,
659 4828 816 4883 minandum
833 4826 860 4881 in
884 4827 1002 4927 siuns-D
1050 4825 1123 4906 ιιι.Ι
1137 4825 1242 4881 Poelrn.
1265 4825 1383 4896 pessime
1405 4826 1572 4903 interpunqit
1594 4833 1670 4888 leniet
1691 4836 1814 4906 penitae:

146 4910 237 4966 terre:
261 4906 309 4961 sed
326 4907 419 4975 negari
436 4905 542 4972 nequit,
566 4900 638 4970 apud
659 4898 806 4969 scriptores
827 4900 963 4968 sequioris
1015 4912 1067 4950 non
1079 4912 1173 4968 quippe
1186 4905 1297 4951 creatur.

146 4979 252 5038 araris
264 4976 392 5045 teeqncns
403 4973 605 5028 tnnseveronn
618 4969 713 5025 sintilo.
730 4969 787 5023 llue
801 4979 891 5023 tateren
903 4970 963 5023 loco
1052 4968 1115 5022 itti.
1130 4966 1338 5024 desiderabatur
1357 4969 1399 5026 ltic
1412 4986 1509 5029 uersus
1524 4973 1550 5030 in
1564 4975 1627 5031 cod.
1641 4976 1686 5043 E„
1703 4977 1751 5033 sed
1765 4978 1814 5034 atl-

147 5064 261 5106 scrum
273 5049 381 5101 uidetur
393 5044 525 5098 sinrolooit
542 5059 577 5098 ex
593 5041 706 5111 Virgilio
720 5038 739 5096 Ι.
753 5054 872 5104 muers·
889 5039 962 5095 585:
1017 5036 1092 5094 ditus
1099 5036 1151 5091 luit
1164 5039 1288 5106 nmrgmi.

146 5122 291 5181 Demens,
304 5117 349 5187 qui
362 5115 471 5181 nimios,
490 5122 515 5169 et
528 5131 579 5168 non
593 5111 718 5167 inritabile
728 5110 825 5182 fulmen
838 5139 874 5151 -
886 5108 964 5176 AEre,
1055 5108 1118 5164 stit.
1131 5107 1212 5163 Pater
1223 5118 1266 5163 ιιι
1280 5109 1358 5178 idem,
1380 5114 1448 5181 quod
1470 5114 1565 5185 rtttns,
1592 5132 1645 5172 nott
1666 5117 1744 5184 idem,
1771 5118 1817 5188 qui

144 5203 177 5249 et
198 5188 376 5259 cornipedum
394 5203 473 5242 cursa
491 5188 627 5241 simularat
637 5197 769 5256 equorum.
785 5180 886 5238 Confer
899 5179 965 5236 liar.
1019 5179 1116 5247 Filius,
1127 5179 1190 5248 qnia
1204 5181 1380 5236 nnasculmum
1390 5186 1459 5239 idem
1469 5186 1571 5242 inelioat
1583 5203 1738 5259 personant,
1752 5202 1820 5243 neu·

145 5266 243 5322 Lem.
264 5263 296 5315 :nl
311 5260 424 5315 irruens.
435 5257 454 5312 l.
471 5273 491 5322 ι,
507 5272 580 5313 rurs.
591 5256 654 5312 594.
1022 5260 1092 5306 trum
1108 5260 1241 5306 naturam.
1257 5249 1369 5321 legesis
1377 5268 1434 5309 not.
1449 5258 1483 5312 ad
1496 5258 1574 5312 limo
1589 5259 1610 5312 l.
1626 5274 1655 5327 n,
1669 5274 1741 5314 cers.
1756 5259 1818 5316 lus.

197 5335 272 5392 3⁰8·
292 5330 377 5396 κως,
389 5329 499 5400 parenti,
516 5344 569 5383 non
581 5329 663 5393 male,
676 5340 723 5395 pro
736 5325 859 5398 potentie.
1021 5319 1160 5404 Orientins
1169 5336 1255 5375 earnm
1268 5322 1304 5378 de
1317 5323 1450 5381 Trirmata
1463 5343 1471 5381 ε
1489 5326 1550 5382 Non
1565 5328 1644 5393 idem,
1655 5331 1701 5385 red
1713 5345 1820 5401 promen

198 5403 271 5461 509.
286 5401 451 5457 Arntaenins
464 5401 593 5469 aduertit,
608 5399 753 5454 ritrntnullos
767 5397 855 5452 editos
869 5395 969 5453 nabore
1021 5394 1102 5449 idem.
1119 5393 1165 5448 Sto
1179 5393 1321 5464 distinguit
1334 5395 1402 5451 idem
1424 5399 1615 5466 tttasculinum,
1640 5410 1669 5456 et
1692 5413 1821 5457 neutrum

146 5480 241 5551 fitius
258 5489 328 5527 renam
342 5482 388 5527 est.
405 5471 482 5527 lintri
498 5474 540 5527 lex
556 5471 675 5541 postulet
688 5468 758 5538 filisu
771 5476 809 5523 en
819 5482 896 5522 nunc.
1023 5478 1060 5521 ex
1075 5465 1181 5520 diversa
1194 5464 1359 5590 ιῖΙΙιίιιιιιΙῐι
1371 5474 1533 5538 quidm&

196 5547 271 5602 511,
286 5543 404 5609 Poelm„
420 5542 499 5610 liam,
515 5542 550 5596 in
565 5556 647 5609 nono,
659 5542 752 5606 llum„
765 5535 799 5593 lo
814 5554 898 5594 noea:
910 5551 972 5593 eor·
1061 5537 1123 5591 siu.
1139 5535 1195 5591 Οιι.
1228 5575 1236 5601 ,
1253 5536 1306 5591 Sed
1319 5537 1380 5606 quin
1394 5540 1464 5608 quod
1475 5555 1585 5607 sunem
1601 5541 1719 5600 obscure
1740 5543 1822 5613 quoti·

197 5672 214 5702 ⁸
234 5659 310 5727 Alii,
326 5674 385 5714 enm
407 5670 481 5731 pater
498 5658 574 5727 βαιὴ
589 5658 634 5713 alii
650 5663 783 5723 comitator
797 5655 865 5727 peri.
881 5652 970 5725 lmpli-
1024 5650 1183 5725 percipitur.

139 5747 230 5797 cata
247 5731 378 5801 syntaxis
399 5741 454 5786 tam
471 5730 499 5786 in
515 5730 646 5793 carmine,
662 5742 742 5800 quam
766 5727 793 5782 in
807 5741 902 5800 prosa,
913 5739 975 5797 quse
1060 5720 1285 5781 thtrnontcrt'e
1297 5728 1489 5784 nntmranlur?

138 5822 246 5879 ,ape
265 5802 385 5859 carmine
411 5802 554 5858 obscurior
574 5811 637 5865 est;
658 5798 792 5856 sententis
805 5798 873 5856 satis
883 5812 933 5869 per
946 5808 977 5852 se

345 5897 489 5959 Ptrttot.
516 5895 606 5959 xlx.
