4150 6167
172 227 217 289 444
845 224 1117 293 subaudimus.
1742 232 1796 297 til

172 341 365 412 duno-batava,
385 341 431 416 oui
450 344 589 417 reperitur
601 352 665 403 suls
677 357 760 418 opera
774 342 892 419 Virgilii,
913 351 952 414 ct,
965 346 1058 412 Anus
1080 347 1103 401 d
1122 343 1185 403 solis
1196 354 1288 418 ortus,
1302 344 1436 406 monitum
1452 346 1511 407 lise
1529 363 1596 421 opus
1615 348 1801 418 8444444444

173 449 219 498 utu
230 437 344 513 reliquis
364 449 492 513 quatuor,
511 440 654 512 dequibus
667 439 768 501 dictum
781 451 833 510 est,
853 439 951 500 444444·
1003 439 1082 498 alibi.
1102 439 1221 499 Postea:
1236 438 1306 509 4444,
1324 452 1349 498 et
1369 441 1482 500 Domino
1500 453 1589 501 444444
1609 442 1676 501 iesu
1697 443 1800 503 ciritio

173 544 274 609 gustus,
287 532 418 592 litterali
441 534 611 609 designatur.
633 534 757 594 Accessit
777 536 892 609 epistola
911 534 953 593 in·
1004 533 1612 615 mliedemptoriiumunignrerluitinpnitu
1622 541 1799 614 lsus,gsisne

175 629 234 687 elin
255 628 285 685 P.
305 628 454 685 Burmanni
467 627 502 686 ad
521 627 598 686 Gisb.
613 627 767 701 (luperam,
781 628 826 686 die
839 629 874 687 98
888 628 952 686 iulii
1004 638 1164 700 4444444444
1186 632 1313 702 {cordum
1335 649 1411 688 suum
1436 633 1610 706 euangelicum
1634 632 1797 704 doctrinam,

176 721 232 781 till
245 721 316 791 data,
330 720 359 779 in
371 737 424 795 uua
439 722 531 794 plures
541 733 570 781 44
578 723 788 796 elegantissima
797 730 876 779 erant
886 721 952 780 bur·
1002 739 1082 796 guum
1100 724 1189 779 444444
1201 723 1383 800 Seduiiurper
1395 742 1481 784 444444
1492 727 1622 784 ordinauit
1634 772 1641 797 ,
1655 729 1799 793 {sniisndo

176 814 251 875 manni
267 813 444 886 conjectura.
466 814 594 884 Quadam
609 815 691 874 ctiam
706 815 764 888 ipse
773 813 870 873 Petrus
884 814 953 871 bur·
1003 815 1080 888 finire
1092 818 1228 890 perstitit:
1239 819 1284 891 qui
1295 820 1356 875 uiuit
1369 830 1394 876 et
1406 829 1496 894 regnat
1511 838 1569 878 cum
1578 821 1634 879 Deo
1644 821 1798 894 Putre,etc.
1825 832 1828 839 ‘

175 926 273 968 narnus
295 909 438 969 84444444
460 909 549 967 eidem
572 925 631 997 suus
656 910 815 968 cellariunac
841 908 952 967 editioni
1003 908 1289 982 Subiungiturnotitia
1304 912 1428 986 quadam
1442 914 1476 971 de
1489 923 1601 972 auctore
1615 916 1799 985 poematibus

172 1007 328 1080 4444444444.
958 1030 962 1037 ·
1002 1004 1037 1063 de
1052 1007 1195 1065 occasione
1207 1021 1259 1079 qua
1271 1007 1339 1066 illud
1351 1009 1523 1081 composuit:
1539 1010 1580 1068 sle
1591 1010 1694 1083 incipit,
1705 1010 1741 1069 ln
1752 1028 1798 1069 cu·

202 1099 237 1158 ii.
252 1098 404 1169 Grunerus,
418 1099 466 1173 qui
481 1099 563 1172 pauiu
583 1108 648 1157 ante
659 1099 798 1158 sedulium
817 1098 950 1168 ediderat,
1002 1103 1057 1174 pite
1078 1103 1283 1178 uuiuscujusque
1309 1103 1384 1172 libri·
1405 1104 1527 1173 desinit,
1546 1105 1746 1176 4444444444
1767 1123 1798 1164 eu

172 1193 246 1252 44444
265 1192 385 1262 codices,
408 1192 468 1251 sive
481 1194 647 1266 exemplaria
667 1209 734 1251 mss.
757 1193 816 1266 ipse
835 1192 949 1261 uiderat,
1001 1196 1099 1267 quoin
1113 1195 1186 1251 libris
1198 1196 1370 1253 seminentur.
1385 1196 1488 1254 Deinde
1509 1196 1588 1255 adest
1600 1197 1724 1270 praelatio
1739 1214 1798 1259 444-

170 1287 211 1346 sud
220 1301 281 1344 usne
294 1297 386 1345 tamen
398 1285 452 1344 luit
464 1286 586 1345 edicione
599 1286 852 1345 Toronaicum-anui
868 1284 949 1353 4545,
1002 1289 1069 1346 trica
1083 1288 1244 1357 Porciolss,
1257 1298 1285 1348 et
1300 1305 1411 1349 carmen
1434 1291 1562 1362 paschale
1573 1333 1582 1360 ,
1593 1299 1710 1362 quatuor
1721 1291 1798 1350 libris

169 1397 221 1441 esu
232 1383 305 1439 nutis
316 1396 383 1439 mss·
398 1381 471 1440 Erici
485 1381 624 1450 44444444,
637 1397 671 1439 ex
684 1396 737 1439 ms·
752 1379 949 1446 45444444τί444.
1001 1384 1239 1461 comprehensum,
1256 1397 1285 1444 ut
1299 1387 1326 1444 iu
1337 1387 1474 1446 similibus
1487 1388 1607 1447 recentis
1620 1390 1710 1447 4444444
1720 1388 1797 1447 codi-

169 1476 364 1547 cudieeliansii,
380 1476 514 1535 etcodiee
527 1477 718 1535 Vulcaniizes
731 1476 873 1535 bisoctoni
887 1477 952 1532 444
1000 1479 1089 1537 cibus.
1111 1480 1177 1538 Post
1199 1496 1309 1539 carmen
1339 1481 1482 1553 paschale,
1502 1485 1565 1540 sine
1590 1483 1683 1550 titulo,
1709 1483 1797 1557 elegia

168 1573 245 1632 busin
258 1573 318 1631 solu
330 1574 430 1646 primo,
444 1588 532 1644 neque
549 1572 656 1645 integro
668 1572 748 1629 libro.
770 1570 809 1629 lis
828 1571 871 1628 bis
883 1569 950 1643 ipsis
1000 1572 1150 1632 Cantemus.
1160 1575 1244 1648 liujus
1254 1573 1359 1633 codicis
1368 1575 1480 1633 memini
1494 1576 1612 1634 etiamlu
1622 1576 1798 1651 Proiegcme-

168 1669 260 1737 444444
281 1668 429 1739 codicibus,
451 1683 466 1724 4
485 1668 545 1725 liic.
566 1667 675 1724 lleinsio
695 1667 813 1734 collatis,
833 1666 949 1739 proiecit
1000 1671 1044 1728 nis
1067 1670 1102 1727 sd
1126 1669 1306 1727 Prudentium
1328 1679 1357 1729 et
1370 1670 1539 1728 iuuencum:
1556 1669 1604 1742 uui
1616 1669 1798 1730 nitidissimus

166 1763 235 1821 44444
246 1762 421 1829 Arutzenius,
434 1762 481 1834 gni
495 1776 545 1819 ecs
556 1768 711 1833 opportune
723 1760 827 1818 laudat.
963 1755 987 1818 B
1000 1764 1127 1824 dicitura
1140 1764 1293 1833 bandinio,
1310 1779 1373 1821 cum
1385 1763 1535 1822 initialibus
1544 1762 1675 1821 librorum
1687 1764 1797 1832 aureis,

198 1855 295 1929 58⁸⁴·
303 1854 436 1913 cellarius
448 1854 483 1912 ad
492 1868 570 1912 suam
583 1853 731 1913 editionem
742 1852 858 1922 Sedulii,
868 1868 949 1926 qnam
998 1868 1028 1916 et
1040 1874 1075 1917 ex
1085 1858 1270 1916 remetissimo
1282 1858 1445 1930 succuniani,
1457 1867 1488 1915 ut
1500 1857 1618 1926 ridetur,
1630 1858 1795 1930 descriptus.

164 1950 212 2009 boc
228 1950 328 2009 444414
349 1949 462 2008 ineunte
484 1949 661 2022 procuravit,
681 1946 806 2005 adhibuit
826 1936 949 2006 codicem
999 1950 1079 2009 iurat
1094 1949 1146 2009 hoc
1166 1951 1227 2009 loco
1239 1951 1399 2023 aduertere,
1411 1950 1515 2008 saeculo
1527 1965 1647 2018 uncum
1659 1948 1797 2007 444444444-

165 2057 211 2102 mu
221 2042 342 2112 bedulli,
354 2041 456 2116 oppido
479 2043 637 2115 antiquum.
648 2056 684 2098 ex
701 2039 865 2105 4444444444·
879 2040 951 2099 Ρ44·
998 2056 1066 2106 terre
1077 2046 1185 2106 restitui
1199 2055 1354 2118 coeperunt,
1368 2061 1468 2120 magno
1480 2047 1508 2104 in
1520 2045 1627 2104 bonnm
1638 2044 1722 2104 inisse
1732 2060 1798 2118 poe-

162 2136 212 2195 4444
224 2134 373 2208 [4444444444
384 2134 554 2205 Ᾰθίᾶθῐῠῑθ,
569 2133 669 2192 librum
684 2133 788 2192 54444444
799 2149 836 2191 44
850 2133 954 2193 444444444-
998 2150 1041 2199 tas
1053 2141 1218 2200 christianos
1232 2149 1361 2209 4444444,
1376 2141 1421 2214 qui
1436 2155 1470 2199 es
1480 2139 1678 2212 iniquissimis
1690 2138 1796 2198 codici·

161 2229 233 2287 sicca
243 2227 392 2288 Christiani
406 2227 524 2299 Danuuii,
535 2244 617 2300 quem
630 2227 735 2299 Gaspar
748 2227 876 2285 barthius
886 2243 948 2286 cum
997 2235 1050 2296 bns
1063 2236 1142 2294 avide
1151 2243 1179 2293 ec
1191 2237 1333 2307 eleganter
1343 2233 1579 2293 deuenibcbantur.
1592 2232 1729 2293 Ambrosii
1742 2231 1796 2291 ila-

25 2368 30 2375 .
158 2325 256 2397 scripto
268 2325 364 2383 444444
373 2332 582 2398 composuerat,
597 2322 695 2381 deiude
709 2323 805 2391 alium,
820 2325 854 2381 ab
867 2321 948 2382 Erico
998 2330 1175 2389 maidulensis
1187 2330 1296 2388 celebre
1313 2339 1358 2387 cst
1376 2344 1478 2387 nomen
1492 2330 1565 2387 inter
1576 2344 1636 2398 eos,
1651 2329 1699 2403 qui
1718 2340 1795 2387 ncte-

26 2463 28 2468 ,
155 2418 285 2481 4444444444
297 2417 478 2492 Cantabrigiu
487 2433 548 2476 cum
560 2419 675 2475 uetustis
687 2416 854 2475 membranis
864 2416 948 2474 collu-
997 2439 1060 2481 rum
1088 2431 1265 2480 monumenta
1290 2436 1457 2481 consensuro
1474 2431 1504 2479 et
1518 2423 1656 2481 iilustrare
1680 2422 1795 2480 studue-

154 2521 232 2581 4444444
246 2521 275 2569 ⁰¹
284 2511 394 2586 4444444444
405 2511 503 2579 illum·
519 2525 599 2583 quem
614 2508 674 2567 Νῑθ·
689 2509 815 2566 “emilii
828 2523 878 2581 Pbr
891 2519 948 2567 4444
997 2523 1062 2573 ruut
1073 2534 1081 2570 ε
1094 2516 1128 2583 44,
1145 2515 1165 2571 Ι.
1179 2529 1209 2582 n,
1222 2514 1304 2586 epist.
1329 2514 1374 2581 44,
1390 2527 1456 2572 tom.
1481 2513 1517 2572 lii
1527 2514 1642 2574 Cobect.
1656 2515 1794 2584 Heriem,

152 2606 261 2681 priores
280 2605 412 2663 librosad
424 2613 560 2663 uetustum
581 2604 853 2675 codicemesmerat.
867 2600 948 2659 Com·
997 2607 1032 2666 ad
1045 2607 1206 2667 llicbaelem
1220 2607 1397 2676 monachum,
1414 2609 1461 2680 qui
1481 2608 1605 2666 codicum
1619 2609 1794 2682 antlguorum

150 2710 289 2761 4444444
307 2700 389 2760 suan
402 2699 534 2759 04444444
548 2700 721 2758 unanimous
737 2697 849 2769 optinae
862 2706 946 2767 4444,
965 2720 970 2732 ·
998 2703 1152 2775 eumrtpror
1165 2710 1195 2759 et
1208 2711 1428 2770 munerarent,
1443 2701 1486 2760 sle
1498 2700 1795 2761 scribebatzmrcnu-

149 2810 224 2870 quas
235 2794 398 2855 Theodorus
421 2793 570 2853 ianscnins
595 2794 629 2850 ab
652 2792 828 2851 blmelureen
852 2787 946 2849 misit:
998 2797 1032 2855 lis
1046 2807 1134 2855 44444
1147 2796 1284 2855 eumeuii
1295 2796 1344 2853 aiii
1359 2794 1534 2853 Prudmtium
1547 2795 1736 2870 sedulianum
1748 2813 1796 2854 η.

147 2892 254 2967 quibus
272 2893 356 2950 etism
378 2890 444 2949 usus
456 2900 498 2949 est
513 2889 688 2947 brotsenius.
702 2886 947 2959 Cappusctus,qui
998 2890 1054 2963 pit,
1077 2888 1248 2946 44444444ιί444
1269 2896 1346 2961 ulgus
1373 2886 1478 2960 opimis
1500 2885 1593 2945 litteris
1614 2903 1624 2943 .·
1649 2886 1794 2946 4444444444

145 2986 302 3047 editionem
317 2985 440 3054 sedulii,
453 2999 531 3042 num.
544 2983 580 3041 95
592 2980 786 3040 recensendam
797 3023 805 3049 ,
818 2994 948 3054 procura·
997 2982 1086 3041 adbuc
1098 2983 1238 3041 44444444.

143 3079 204 3149 rit,
220 3079 297 3152 plura
308 3076 474 3149 exemplaria
486 3090 552 3133 mus.
568 3074 696 3141 eontulit,
709 3072 759 3131 sed
769 3073 868 3146 partim
887 3088 948 3129 mu·
1033 3075 1080 3132 bi.
1094 3075 1125 3133 ln
1148 3074 1313 3136 bibliotheca
1334 3075 1494 3133 Florentius
1517 3074 1546 3134 S.
1571 3075 1677 3148 Crucis,
1694 3076 1794 3135 bundl-

143 3171 207 3239 tiia,
223 3172 325 3244 partim
339 3170 445 3229 mendis
457 3184 581 3243 aspersu.
957 3151 982 3217 C
997 3168 1070 3239 nius,
1086 3177 1152 3227 tom.
1166 3185 1211 3236 ur,
1222 3184 1285 3242 pag.
1302 3171 1365 3238 478,
1378 3169 1448 3242 plut.
1462 3168 1516 3240 44,
1529 3168 1660 3227 describit
1670 3170 1793 3228 codicem

181 3267 233 3324 85.
255 3267 353 3324 Plures
365 3265 411 3322 aiii
424 3265 475 3321 riri
498 3263 614 3331 eruditi,
627 3262 672 3335 qui
694 3262 798 3321 sedulii
820 3260 944 3335 quasdam
996 3265 1042 3331 44,
1052 3278 1108 3337 quo
1119 3263 1234 3334 sedulii,
1244 3263 1323 3322 Statii
1335 3274 1364 3321 et
1376 3264 1521 3321 Claudiani
1535 3265 1656 3322 carmina
1669 3264 1794 3338 quadam

145 3357 210 3416 lues
222 3360 412 3427 illustrarunt,
425 3358 535 3415 codices
551 3370 617 3414 mss.
629 3355 750 3424 laudant,
764 3363 795 3412 ut
805 3355 944 3423 Bembina,
981 3356 1184 3435 ‚confluentum
1205 3357 1310 3416 Sedulii
1324 3357 1411 3415 nostri
1423 3358 1546 3416 carmina
1561 3358 1614 3414 buc
1627 3358 1724 3417 ordine
1738 3360 1796 3417 col·

147 3454 195 3526 oui
210 3468 287 3526 sepe
298 3454 368 3511 duos
380 3452 476 3511 saltem
491 3450 615 3519 codices,
630 3450 747 3507 alterum
766 3449 855 3506 alteru
875 3449 946 3506 unti-
994 3451 1121 3510 iocantur
1142 3449 1204 3507 sine
1218 3450 1302 3508 certis
1315 3450 1419 3508 titulis:
1435 3451 1526 3522 primo
1542 3451 1666 3521 prelatio
1681 3452 1794 3509 metrica

147 3551 273 3620 44444444
285 3590 295 3617 ,
307 3549 343 3607 44
357 3563 455 3607 sersus
464 3554 608 3618 corruptos
620 3543 807 3604 emendandos
821 3543 944 3616 proicrt3
995 3545 1157 3615 Poscioles,
1176 3546 1299 3604 secundo
1321 3561 1432 3603 4444444
1447 3545 1592 3617 paschale,
1606 3547 1688 3603 tertio
1707 3546 1795 3618 elegis

146 3640 180 3699 G.
197 3642 359 3714 Fabricius,
372 3643 408 3702 de
422 3643 500 3715 cnjus
513 3649 630 3714 quatuor
645 3654 711 3696 mss.
732 3638 875 3696 codicibus
883 3637 946 3695 side
995 3637 1151 3709 Cantemus,
1162 3648 1261 3712 quartu
1272 3638 1442 3710 epigramma
1456 3636 1522 3695 ilos
1531 3647 1590 3704 tun,
1606 3639 1702 3710 quinto
1716 3637 1796 3711 bym-

144 3751 228 3794 uum.
241 3738 293 3806 553
307 3737 432 3795 wasuins
444 3737 471 3793 in
484 3752 532 3792 sua
548 3734 671 3794 Sallustii
693 3732 829 3802 editione,
844 3731 880 3788 44
890 3745 945 3803 quo
996 3748 1048 3792 nus
1072 3734 1095 3790 4
1121 3732 1186 3789 solis
1205 3742 1278 3788 ortus
1288 3774 1297 3801 ,
1309 3740 1388 3791 sesto
1402 3730 1481 3787 biber
1498 3730 1621 3798 Sedulii,
1636 3746 1683 3785 seu
1708 3731 1795 3803 patius

143 3830 172 3889 in
185 3833 303 3892 scholiis
315 3832 432 3890 444444.
445 3829 593 3900 aulici.
608 3845 643 3896 υς
656 3828 793 3894 Davisius,
803 3824 851 3899 qui
864 3839 946 3898 quos·
995 3827 1111 3901 44444444
1125 3829 1302 3902 [repetentum
1323 3823 1481 3899 fugientibus
1499 3824 1591 3881 litteris
1603 3832 1740 3880 4444444444
1759 3824 1794 3881 od

140 3928 209 3989 dana
224 3946 293 3991 msc.
308 3931 419 3990 codices
431 3936 646 3996 commemorat,
659 3935 689 3983 ut
710 3925 800 3982 dicam
819 3922 854 3979 ad
877 3923 896 3979 l.
914 3937 944 3989 ι,
995 3920 1179 3979 immanium
1193 3917 1441 3993 canigonensi
1455 3907 1673 3986 aitBa'ndinius3
1687 3916 1748 3985 sed,
1765 3925 1795 3973 ut

139 4038 222 4084 reru.
237 4026 300 4086 444.
996 4015 1133 4088 colligitur
1150 4028 1185 4072 eu
1200 4012 1292 4070 uerbis
1305 4012 1430 4085 epistola
1442 4013 1479 4069 ab
1493 4026 1527 4069 eu
1540 4010 1683 4079 adductis,
1694 4020 1794 4082 prater

179 4118 231 4177 ab.
262 4117 412 4177 bandinius
446 4119 474 4175 44
500 4116 634 4189 Catalogo
657 4111 789 4172 biblioth.
812 4109 943 4167 Laurens.
996 4106 1204 4182 inscriptionem
1229 4105 1354 4179 epistolae
1374 4107 1409 4161 ad
1433 4104 1621 4163 llaeedcnium
1637 4101 1794 4160 nihlialiud

137 4209 272 4273 florent.
287 4224 308 4272 t.
338 4228 389 4281 sn,
414 4227 477 4284 pag.
500 4210 553 4268 'ibi
567 4226 645 4284 seq..
670 4216 798 4265 recenset
822 4203 944 4262 codicem
995 4214 1040 4264 est
1061 4201 1185 4261 sedulii:
1201 4216 1266 4259 nam
1285 4216 1347 4273 qum
1369 4199 1570 4271 subjiciuntur,
1585 4199 1621 4256 sd
1641 4198 1794 4256 recentiora

134 4309 387 4366 membranaceum
404 4307 626 4378 cucullamque
647 4300 828 4370 Prudentius,
843 4297 945 4356 luren-
997 4310 1123 4372 tempora
1147 4296 1302 4370 pertinent,
1324 4296 1360 4353 ab
1381 4295 1553 4369 ignarissimo
1573 4296 1665 4369 aliquo
1683 4294 1795 4353 librario

132 4417 210 4471 eos,
226 4416 310 4477 utque
322 4403 370 4461 alii
393 4411 482 4474 poetae
501 4400 643 4460 christiani
665 4397 849 4455 continentur.
862 4393 942 4451 Nutu.
995 4391 1152 4464 importune
1165 4387 1269 4446 addita.
1285 4386 1326 4445 ita
1336 4387 1437 4460 quippe
1449 4386 1566 4458 legitur:
1582 4384 1796 4442 Dorsuiaosoncto

132 4494 695 4570 8414444444444444464444444444444
710 4492 816 4560 Proba,
833 4488 944 4546 mutilus
995 4503 1053 4544 aueo
1070 4486 1142 4557 putri
1164 4483 1319 4541 4444444444
1333 4485 1483 4557 moluisse
1497 4479 1625 4537 sedulius
1647 4478 1796 4537 aulaumaiu

131 4591 164 4650 in
195 4594 270 4665 dne,
292 4595 340 4654 sed
365 4594 445 4652 initio
467 4591 598 4666 precedit
619 4591 804 4662 epigramma,
822 4585 944 4644 Romulei
956 4549 984 4613 Ῑ)
997 4573 1277 4635 044444144444444
1290 4574 1410 4632 consului
1419 4572 1568 4629 4444444444
1579 4570 1794 4641 fatiscentium,

131 4686 251 4759 444444,
268 4687 333 4744 cleri
347 4688 395 4744 lus
407 4685 490 4742 444444
509 4685 588 4750 sniis,
599 4682 671 4755 quod
684 4680 732 4738 aiii
748 4690 884 4754 tamquam
897 4677 945 4735 de-
998 4674 1053 4749 55
1064 4682 1199 4732 auncurt
1212 4672 1282 4730 44444
1305 4670 1404 4743 populu
1422 4669 1519 4741 mojori
1543 4681 1569 4724 et
1593 4667 1689 4724 minori
1705 4668 1797 4725 444444-

131 4779 313 4841 dieationcm
334 4778 440 4841 Sedulii
461 4781 495 4839 ud
517 4776 702 4837 Theodosium
721 4773 880 4843 venditant,
896 4773 944 4831 scd
997 4772 1074 4838 44444,
1089 4769 1202 4827 susten
1213 4767 1242 4824 iu
1254 4766 1366 4823 Christo
1379 4762 1524 4836 Rogamus,
1538 4762 1690 4837 etrogundc
1704 4762 1797 4834 depre-

131 4890 189 4950 pro
209 4877 337 4936 Romulei
348 4877 445 4951 legunt
458 4873 643 4932 Romulidum.
658 4869 689 4927 ln
704 4869 757 4927 hoc
769 4882 835 4926 uero
849 4868 945 4927 codice
997 4879 1089 4921 samur
1101 4903 1109 4931 ,
1123 4873 1152 4918 ut
1162 4874 1241 4932 quum
1253 4859 1331 4916 eitius
1342 4856 1464 4931 potestis,
1481 4854 1640 4911 consociatis
1651 4854 1795 4911 4444444444.

130 4984 179 5031 est
197 4976 334 5048 prologus
346 4970 381 5029 ad
393 4968 542 5028 (4444444444
557 4964 666 5024 Probae.
681 4963 748 5021 Post
761 4976 886 5032 uersum,
901 4961 947 5018 Pit
1034 4955 1080 5013 88.
1106 4950 1376 5023 iiontiuuconlus,iin
1386 4946 1555 5007 bibliotheca
1568 4946 1795 5006 bibliothecarum

128 5084 242 5128 sonus:
255 5069 488 5146 ingentircneusso
499 5074 537 5122 est
552 5058 768 5135 ponderrtcilus,
781 5057 905 5132 quamuis
918 5059 946 5114 in
998 5064 1079 5118 4444,
1094 5049 1206 5120 prolert,
1229 5059 1289 5117 pag.
1311 5044 1461 5112 bibuntur
1484 5056 1550 5100 mus.
1571 5039 1683 5098 4444444
1711 5037 1795 5095 isaaci

126 5164 203 5221 aliis
224 5161 433 5235 exemplaribus
449 5157 494 5215 alii
515 5169 613 5214 versos
626 5151 773 5217 addantur,
787 5149 833 5206 bic
843 5148 945 5218 ascrip-
997 5142 1101 5211 Possil,
1114 5141 1237 5199 sedulius
1250 5138 1345 5197 sectus
1356 5137 1384 5192 in
1396 5136 1562 5193 Prisciunssn
1570 5150 1581 5202 ,·
1591 5134 1662 5191 inter
1671 5131 1793 5198 eosdem,

125 5263 197 5314 tuns
220 5268 287 5315 est:
304 5254 420 5322 Explicit
435 5250 552 5309 Centone
571 5246 659 5304 Proin
682 5260 716 5302 44
737 5241 892 5299 commuue
907 5237 942 5296 P.
997 5254 1060 5315 pag.
1076 5235 1140 5307 684,
1157 5233 1261 5291 Sedulii
1274 5231 1388 5305 episcopi
1410 5230 1438 5286 in
1457 5230 1568 5302 primum
1581 5228 1720 5283 editionem
1738 5222 1795 5280 Po·

125 5346 258 5426 Virgilii
268 5368 279 5408 r
291 5350 332 5408 sic
344 5347 420 5406 enlm
432 5345 549 5403 Probum
562 5357 597 5401 es
613 5338 742 5399 cunninis
754 5336 864 5393 nomine
876 5331 945 5391 cec-
998 5334 1076 5391 scti:
1093 5328 1240 5402 dequibus
1254 5342 1290 5384 es
1308 5323 1427 5395 044444,
1448 5338 1541 5394 supra,
1562 5336 1636 5378 rrum.
1658 5318 1704 5387 ti,
1725 5317 1792 5376 dixi.

118 5460 233 5509 sancus
256 5450 401 5511 rorabant.
422 5446 503 5504 bum.
519 5444 552 5513 b,
568 5440 666 5516 pagina
682 5439 732 5496 444
746 5454 754 5492 r
770 5433 874 5493 Sedulii
898 5448 944 5488 eu·
999 5424 1154 5487 ceillieriuu
1169 5421 1263 5479 laudat
1277 5420 1400 5478 codicem
1422 5433 1473 5475 ms.
1495 5412 1792 5488 unguem-natarum,

113 5547 237 5603 4444444
250 5556 333 5621 poete
348 5546 380 5601 de
393 5542 503 5617 siugulis
515 5538 649 5611 4444444444
662 5529 820 5590 4444444444
829 5527 945 5584 miracu
1000 5523 1159 5600 Euplunotio
1173 5519 1285 5595 episcopi
1299 5515 1404 5575 Seduiii
1418 5515 1444 5570 ic
1458 5513 1569 5586 44444444
1587 5510 1725 5568 editiones
1737 5508 1795 5565 Do·

110 5638 166 5697 lia
182 5641 226 5696 ud
247 5638 434 5696 1444444444
449 5634 626 5709 sculptarum
639 5628 698 5687 libri
715 5643 754 5696 uu,
765 5625 868 5681 nescim
889 5638 946 5678 cor·
997 5620 1065 5688 nuti,
1078 5632 1159 5690 onem
1177 5631 1231 5672 non
1243 5622 1310 5687 puto
1322 5610 1460 5669 diuersum
1475 5608 1510 5666 ab
1525 5623 1561 5667 eo
1576 5623 1656 5683 quem
1672 5606 1793 5665 hundini

99 5734 222 5788 niue.
238 5732 319 5790 44444
331 5731 405 5791 enim
423 5720 532 5786 titulum
549 5724 697 5784 bandinius
709 5718 854 5793 expromit.
873 5714 945 5775 0rdo
997 5712 1115 5773 collocat
1126 5708 1250 5768 0444444
1261 5706 1315 5765 loe.
1328 5704 1376 5762 cit.
1388 5702 1455 5774 Sed,
1468 5711 1498 5760 ut
1511 5718 1586 5760 num.
1599 5700 1646 5759 cit.
1657 5701 1693 5759 444
1702 5700 1792 5758 anim·

98 5834 265 5898 nuperum
279 5827 325 5886 bic
338 5834 466 5884 notatur:
481 5822 596 5896 epistola
608 5819 643 5877 ad
657 5815 854 5881 ilacedoninm,
868 5811 946 5885 bym-
999 5811 1142 5869 aduersum
1170 5814 1222 5875 cst,
1238 5803 1298 5864 haec
1316 5800 1429 5863 minime
1443 5807 1508 5860 sunt
1520 5814 1606 5875 opera
1631 5795 1794 5872 antiquioris
