4150 6167
174 207 210 273 itt
539 201 778 268 sunanimitis
795 200 1036 265 constantino
1055 196 1370 263 lucubrantem.

317 456 598 560 EPISTULA
636 462 1025 552 CONSTANTINI
1060 465 1140 550 AD
1178 458 1593 548 PORPHYRIUM.

889 693 1017 713 Π*

577 809 726 865 matus
737 810 979 867 consalutatus
990 811 1160 866 AUGUSTUS
1171 810 1327 867 mnus,

193 990 321 1048 sitantum
331 984 439 1060 pondus
452 995 481 1044 et
492 988 613 1060 pravitas
626 996 818 1059 spectarentur
827 989 856 1045 iu
867 1003 929 1047 car·
942 1003 971 1065 A
982 992 1064 1060 nique
1078 991 1161 1048 etiam
1173 988 1271 1046 studiis
1283 987 1438 1044 nreritonra
1457 1001 1501 1044 me
1521 985 1708 1043 testinnonium
1721 1001 1775 1043 aon

165 1085 220 1142 aine
229 1125 236 1151 ,
246 1091 274 1140 et
286 1080 382 1138 Graeca
395 1088 459 1152 post
471 1078 569 1137 cuturn
586 1081 768 1138 bienniumne
782 1090 889 1149 uatem,
905 1092 933 1141 et
981 1090 1106 1154 negatur.
1120 1081 1204 1139 Liber
1218 1080 1328 1139 assidue
1342 1095 1438 1138 cursus
1460 1079 1614 1137 oratoribus
1635 1079 1702 1146 init;
1728 1095 1777 1138 eos

164 1176 238 1232 latin
251 1184 311 1246 post
321 1172 455 1230 rusticum
470 1172 648 1230 liantuanunr
661 1175 820 1246 eloquentia
841 1174 933 1230 siluis-
982 1192 1047 1231 roro
1060 1177 1105 1246 qui
1119 1176 1241 1233 versibus
1256 1176 1395 1244 dicerent,
1410 1175 1493 1234 certis
1506 1174 1603 1233 fluibus
1622 1174 1666 1231 lex
1681 1174 1777 1233 metris

48 1278 49 1281 ’
163 1279 211 1337 εει,
224 1282 268 1324 nec
282 1266 382 1323 lrustra
396 1266 547 1339 culpabiles
557 1266 663 1336 iurent,
678 1269 726 1340 qui
740 1269 792 1326 sibi
805 1270 933 1326 materias
982 1278 1083 1326 statuta
1103 1270 1260 1326 continuit:
1282 1284 1368 1341 quare
1391 1285 1445 1325 non
1466 1269 1604 1324 irnaterito
1626 1267 1691 1324 illud
1713 1281 1779 1324 usus

161 1378 201 1436 pro
213 1360 374 1434 ingeniorum
387 1361 520 1433 qualitate
532 1372 686 1429 sumentes,
702 1362 776 1418 inani
790 1377 875 1433 apere
888 1378 932 1418 su·
984 1363 1096 1430 inuenit,
1105 1373 1133 1418 ut
1142 1364 1194 1419 boc
1205 1378 1306 1434 genere
1314 1362 1438 1429 dicturis,
1445 1362 1584 1420 ilelteonis
1595 1371 1643 1419 aut
1652 1360 1780 1423 aaroni

161 1455 265 1522 aneni,
279 1467 437 1524 cumpeues
451 1452 934 1526 primoslacundiaecoudltoresqlo-
981 1456 1045 1528 juga
1068 1464 1244 1528 peterentur,
1270 1472 1331 1513 curn
1355 1457 1479 1513 mortalis
1504 1455 1608 1527 ingenii
1634 1452 1782 1513 deliciente

160 1548 250 1606 riatota
266 1546 416 1612 resideret,
436 1546 520 1603 irater
542 1546 712 1604 charissime.
732 1545 932 1619 sedquoniam
984 1550 1151 1617 substantia,
1180 1550 1333 1607 necessaria
1356 1550 1516 1606 siderentur
1543 1547 1645 1604 auulia
1674 1545 1777 1604 dirioa.

53 1646 56 1657 ’
159 1657 248 1713 emper
265 1643 293 1698 in
307 1640 451 1714 propatulo
463 1655 530 1697 usus
542 1641 621 1697 istius
640 1640 706 1709 luit,
726 1656 776 1699 uec
791 1641 839 1697 ulli
850 1656 933 1715 nega·
984 1642 1119 1699 ’Gratum
1140 1641 1207 1697 rnibi
1228 1642 1438 1699 eststudiorurn
1454 1650 1562 1698 tuarnru
1579 1639 1738 1699 facilitatem
1752 1639 1780 1695 in

160 1744 204 1793 tun
215 1747 267 1803 est,
284 1734 313 1793 id
326 1752 362 1794 ea
374 1751 406 1793 ea
427 1736 564 1803 indicere,
580 1737 652 1808 quod
675 1738 762 1807 possit
778 1736 840 1795 illos
853 1738 933 1793 etiarn
985 1734 1053 1792 illud
1065 1737 1169 1803 exisse,
1185 1736 1256 1793 utin
1271 1735 1423 1808 pangendis
1441 1735 1569 1791 versillae
1585 1734 1651 1791 dum
1670 1735 1780 1807 antiqua

159 1843 214 1902 quos
226 1829 361 1899 posterius
376 1843 465 1885 aetum
481 1827 542 1885 tulit
555 1829 708 1895 delectare,
723 1845 777 1887 uon
798 1830 935 1900 penitusa
985 1837 1133 1898 servaret,
1165 1830 1246 1886 etiam
1277 1843 1346 1885 noua
1383 1831 1441 1902 lyra
1477 1827 1528 1884 sibi
1558 1826 1713 1884 conderet..
1728 1826 1781 1883 Vix

160 1921 232 1979 lroctu
244 1921 350 1980 iararis
365 1921 501 1990 excludit,
516 1922 562 1995 qui
577 1922 683 1980 relictis
701 1908 872 1996 gravioribus
892 1939 937 1980 so-
986 1922 1039 1981 ltoc
1053 1924 1217 1981 custoditura
1234 1924 1357 1995 pluribus
1378 1923 1445 1991 luit,
1461 1922 1472 1954 ⁸
1489 1921 1537 1992 qui
1559 1920 1649 1977 modis
1669 1919 1782 1991 quibus·

161 2014 206 2084 als,
218 2014 311 2071 modos
326 2013 360 2070 ad
373 2013 477 2071 leviora
489 2012 591 2072 lesere
602 2033 609 2070 ε
621 2015 738 2087 illigarit
748 2015 818 2072 alter
827 2015 937 2073 catbur-
987 2019 1049 2075 dana
1073 2018 1157 2076 arctis
1177 2019 1269 2075 innexi
1292 2018 1464 2086 litterarum,
1487 2015 1709 2073 distinctionibus
1720 2031 1783 2071 rer-

162 2108 197 2164 ais
208 2117 234 2163 et
244 2122 327 2177 prope
340 2105 510 2179 quotidianis
520 2123 553 2162 ac
562 2108 711 2164 moralibus
723 2108 815 2166 verbis
823 2108 937 2166 allectus
987 2126 1066 2168 suunt
1081 2109 1139 2186 (qui
1153 2112 1190 2169 lta
1204 2111 1324 2169 inedium
1339 2124 1440 2182 corpus
1453 2108 1585 2181 propositi
1597 2107 1609 2140 ⁸
1622 2108 1731 2165 occulte
1740 2107 1783 2164 ia·

160 2197 300 2269 hminum,
315 2198 461 2258 comtediis
474 2200 582 2256 locutus
602 2200 787 2272 estquidam,
810 2200 939 2273 inaequali
988 2211 1134 2272 termeaut‚
1148 2215 1179 2261 nt
1189 2205 1330 2262 oculorum
1342 2219 1439 2260 sensus
1452 2202 1621 2279 interstincta
1636 2200 1783 2258 'colorum

160 2291 216 2364 pede
228 2291 314 2365 elegia
333 2299 442 2350 cannia
461 2301 519 2363 est,
540 2293 687 2350 multorum
707 2293 811 2366 digitos
827 2296 939 2351 seurilo·
989 2297 1128 2370 pigmenta
1139 2296 1287 2371 delectent)
1300 2297 1352 2356 hoc
1364 2308 1478 2354 tenuere
1492 2297 1670 2368 propositum,
1685 2305 1715 2352 ot
1728 2294 1784 2351 bre-

160 2388 274 2458 passibus
286 2385 399 2445 chordis
416 2401 495 2443 aanor
515 2385 582 2460 lyras
601 2385 737 2459 jucundas
759 2388 873 2445 inservit
889 2402 939 2459 pro
953 2369 977 2430 Β
991 2392 1128 2448 sitantianr
1152 2392 1267 2449 carmini
1288 2392 1430 2462 multiplea
1450 2390 1519 2461 legis
1537 2389 1710 2446 observantia
1730 2404 1785 2444 nou

161 2483 302 2554 equalitate
325 2482 529 2539 modulaminis.
554 2483 563 2514 ¹
586 2481 621 2541 bt
644 2497 698 2540 non
720 2483 793 2540 circa
819 2483 941 2556 singulos
990 2491 1142 2555 repararet.
1167 2483 1280 2541 Gratum
1306 2484 1390 2556 igitur
1409 2483 1462 2541 buc
1482 2481 1551 2541 arilli
1570 2481 1716 2539 mentions
1730 2488 1785 2537 tuae

161 2588 269 2647 quotque
288 2576 413 2648 expetite
435 2573 524 2632 laudis
547 2572 633 2648 qratia
656 2577 832 2634 redundavit.
850 2577 944 2634 beluis
992 2592 1090 2633 munus
1109 2574 1158 2631 luit
1174 2593 1182 2633 z
1200 2576 1370 2634 Exercitatio
1388 2573 1531 2632 mentiret
1547 2582 1650 2630 naturae
1671 2573 1788 2630 lacilltas

162 2667 328 2738 quorumdam
353 2667 469 2740 ingeniis
492 2667 688 2739 imperatorum
711 2667 797 2738 lavor,
821 2669 868 2740 qul
887 2684 942 2725 non
992 2669 1167 2742 comprobata
1181 2680 1233 2726 eet.
1248 2668 1290 2726 'l'u
1310 2685 1371 2727 cunt
1385 2668 1435 2724 tibi
1448 2667 1542 2725 rideas
1560 2665 1653 2738 operis
1671 2667 1708 2722 tui
1724 2676 1788 2737 qra-

161 2773 230 2819 taos
241 2762 373 2820 doctrine
386 2760 494 2819 deditas
516 2772 622 2819 mentes
642 2763 759 2835 irrigare
772 2773 854 2833 εεεειεε
867 2765 943 2821 εΙεεε
991 2762 1074 2830 tiam,
1090 2777 1171 2833 quarn
1185 2776 1222 2820 ex
1237 2762 1307 2819 rneis
1322 2761 1458 2835 petiveras
1469 2761 1580 2817 auribus
1594 2773 1648 2815 non
1663 2757 1788 2830 perisse,

160 2855 307 2922 consuent,
331 2853 413 2926 quasi
430 2853 529 2910 clivosi
552 2854 671 2912 tramitis
697 2853 845 2924 supercilio
867 2853 943 2911 rinus
994 2861 1024 2910 et
1042 2863 1174 2926 proveatu
1194 2856 1338 2927 presentis
1354 2854 1487 2925 temporis
1499 2853 1637 2910 exsultare
1655 2849 1790 2918 debebis,

159 2945 273 3014 elicitus,
286 2942 502 3002 scaturientibus
519 2944 597 3002 renis
608 2959 672 3002 arra
684 2945 790 3002 arentia
804 2952 942 3016 tempera·
994 2954 1022 3004 et
1037 2963 1092 3005 non
1105 2946 1256 3006 indebitam
1275 2947 1381 3005 laudent
1400 2945 1502 3019 ingenii
1519 2943 1715 3004 exercitatione
1726 2956 1791 3014 cap·

158 3038 201 3093 rit.
215 3038 321 3097 &culo
334 3052 398 3096 meo
417 3038 572 3097 scribentes
594 3036 771 3111 dceanne
791 3052 847 3095 uon
864 3037 945 3096 aliter
994 3047 1064 3098 tare.

156 3129 283 3207 baalam
295 3133 421 3202 auditus,
433 3147 515 3207 εειεεεε
525 3132 596 3193 leuis
610 3148 676 3192 aura
691 3135 875 3209 prosequitur.
891 3134 945 3193 lle·

186 3298 195 3332 ¹
209 3298 251 3355 Δεε
265 3298 351 3357 cirta.
1034 3295 1047 3329 ⁶
1062 3296 1164 3355 Uettiia.

183 3371 197 3473 ζ
210 3367 305 3499 εςωε.
654 3456 659 3461 ¹
1035 3370 1047 3403 ¹
1061 3368 1213 3427 Ocuiarttttt.

184 3573 470 3649 Aspeaaallaaintrta.
486 3575 559 3633 Pitb.
573 3576 703 3632 εεεεείεεεεεε
714 3576 856 3649 Aequitas.
960 3576 984 3640 C
1037 3570 1295 3649 impraecetur.
1312 3569 1497 3645 tetnperaoerit.

186 3648 206 3706 S
257 3656 374 3705 tarentrtr
384 3650 422 3704 in.
439 3647 512 3704 Pitlr.
527 3655 747 3723 exspectarentur.
1036 3647 1099 3702 Non
1112 3647 1191 3701 aliter·
1203 3644 1260 3701 bert.
1275 3641 1350 3699 Pitb.
1365 3642 1436 3698 lana
1448 3642 1525 3697 aliter
1539 3641 1565 3696 b.

186 3664 327 3777 Ubiae
335 3729 405 3795 poet.
417 3719 490 3776 Pttn.
504 3721 605 3776 omittit
618 3720 649 3776 ab
660 3728 696 3773 et.
1037 3716 1192 3774 Oratoribus
1205 3716 1265 3784 fait.
1277 3713 1350 3770 Pitb.
1366 3713 1526 3770 meliorabat
1538 3711 1599 3784 [εει.

188 3788 348 3864 Eloquentia
358 3791 483 3847 aileisaet.
498 3791 568 3847 Pitlr.
583 3792 651 3864 eloq.
665 3790 808 3846 silesceret.
1038 3789 1073 3847 Ut
1085 3791 1235 3874 bocqertere
1245 3788 1309 3843 dict.
1322 3784 1393 3842 Pitb.
1406 3793 1434 3840 at
1449 3787 1477 3840 in
1490 3782 1539 3839 boe
1548 3800 1574 3855 p.
1588 3784 1615 3837 a.

190 3860 285 3918 Gloria
295 3870 351 3919 teta
361 3863 497 3919 resana.
510 3862 583 3920 Pitlr.
598 3862 734 3920 resederit.
1037 3859 1125 3919 Para.
1133 3876 1212 3933 papa.
1225 3858 1298 3916 Pitb.
1314 3856 1532 3913 Parnasrisaera.
1666 3925 1672 3937 .

191 3931 227 3987 ld
241 3950 314 3990 esea
326 3935 450 3989 indicere.
464 3933 537 3991 Pitb.
553 3935 647 3990 dicere.
1036 3931 1207 3990 Etiamnunc
1227 3929 1237 3984 l
1255 3947 1285 3985 ra
1305 3929 1365 3985 sibi.
1386 3929 1459 3985 Pitlr.
1479 3928 1639 3983 etiamnunc
1657 3940 1723 3996 pura
1735 3925 1794 3981 ribi.

193 4002 292 4060 AEnunr
303 4005 363 4061 tulit
379 4006 515 4060 delectare.
533 4005 607 4063 Pitb.
620 4008 651 4065 τὸ
665 4008 793 4065 delectare
810 4003 911 4063 omisit.
1040 4005 1091 4073 Qui
1097 3949 1340 4077 ntodisqaiUurdam
1347 4001 1425 4055 arctis
1433 4000 1522 4055 irtneai
1538 3998 1693 4066 litterarum,
1703 3997 1795 4082 distin·

194 4071 305 4133 Faveria
319 4076 444 4133 caetrae.
457 4076 530 4133 Pitlr.
546 4079 599 4150 [aa.
609 4079 729 4136 exclusit.
1003 4076 1130 4131 etianibas
1140 4091 1268 4131 oaruam.
1284 4073 1356 4129 Pitb.
1369 4080 1398 4127 at
1418 4072 1492 4126 nodia
1514 4068 1667 4141 quibasdam
1680 4075 1743 4124 artra
1757 4085 1798 4122 rn-

194 4144 318 4205 Fleaere.
331 4147 404 4204 Ptin.
415 4150 554 4220 liment.
1003 4149 1065 4203 nemi
1078 4147 1145 4202 eitra
1158 4148 1329 4201 interueniret
1342 4145 1398 4199 citii
1407 4144 1571 4211 inculpatam
1589 4155 1691 4195 maten
1714 4137 1798 4209 effen-

197 4215 338 4274 cothurnis
349 4228 376 4276 et
394 4236 475 4295 prope
495 4221 596 4294 quotid.
615 4220 687 4280 Pitb.
706 4223 855 4281 certamus.
880 4219 952 4276 Alter
1003 4220 1103 4276 tierent.
1121 4216 1178 4273 Tibi
1191 4217 1325 4272 nonrinant
1342 4216 1498 4288 difficaltate
1521 4214 1673 4287 preposita,
1692 4227 1799 4267 εεεεεεεεο

158 4304 192 4357 pr
249 4292 329 4347 rotid.
1004 4291 1161 4355 litterarum,
1176 4287 1524 4343 distinctionibuaaerraram.

222 4363 289 4417 erbis
302 4361 421 4431 affecta
433 4361 504 4419 Pitlr.
520 4362 602 4420 verbis
611 4363 730 4422 allectae.
1042 4360 1177 4433 Propositi
1187 4360 1286 4415 occaltr
1296 4361 1458 4415 intensam.
1482 4355 1555 4413 Pitb.
1568 4356 1694 4428 propositi
1713 4356 1799 4426 operi

193 4431 309 4489 watra
319 4442 356 4489 eat
367 4435 483 4509 quidam,
495 4436 573 4509 inoeq.
586 4435 659 4493 ntra.
670 4437 772 4495 locatas
781 4446 818 4494 eat
829 4435 954 4509 :qaites
1004 4436 1168 4490 intermeant.
1181 4430 1264 4488 Forte
1277 4449 1284 4485 :
1297 4430 1424 4504 manniti
1439 4428 1523 4500 aperis
1532 4426 1685 4483 detulerint.

153 4500 369 4577 dannaeqaati.
1043 4504 1186 4561 Uettiorum
1195 4520 1296 4560 εεεεεεεε.
1310 4503 1382 4559 Pitb.
1394 4499 1465 4558 ocal.
1477 4498 1602 4557 uanior.

190 4574 290 4647 Elefia
304 4584 409 4633 tantam
422 4584 469 4633 err.
481 4577 552 4635 Pitb.
569 4579 686 4652 clepiaco
697 4590 803 4638 mutata
812 4587 882 4636 runt.
1042 4574 1102 4632 Hae
1117 4586 1229 4632 tenuere.
1244 4573 1318 4631 Pitlr.
1331 4573 1380 4631 boc
1395 4584 1489 4629 tanae.
1585 4643 1591 4653 ⁰

189 4644 313 4703 Ιεεεεεεὲε
336 4666 384 4723 pro
405 4664 473 4721 aqtt.
497 4652 725 4708 modulaminis...
754 4656 787 4707 rit
810 4667 862 4707 non
886 4652 955 4707 circu
1043 4647 1227 4704 Hatitantiant
1238 4647 1358 4703 carmini.
1372 4644 1445 4703 Pitb.
1462 4642 1746 4705 ladimaaeerrraitta.

166 4716 175 4730 '
220 4718 313 4776 uta.
326 4722 443 4776 intersit.
456 4720 511 4776 Pro
522 4722 647 4795 qualitate
661 4724 847 4780 modulaminis
856 4722 892 4778 ad
901 4723 956 4778 rin·
1044 4717 1107 4774 Non
1117 4729 1258 4792 repararet.
1274 4717 1347 4773 Pitb.
1360 4734 1412 4772 nan
1424 4724 1567 4785 narraret.

147 4732 238 4859 5:3³⁸
251 4809 281 4864 ll·
1043 4789 1202 4847 Dieatienit.
1217 4789 1287 4846 Pitb.
1301 4790 1459 4846 rlirtatiania.

190 4858 578 4938 Inqeniirinrperatorantsar.
596 4864 669 4922 Pitb.
681 4866 736 4938 inq.
753 4874 896 4941 temporam
915 4867 957 4937 {a-
1044 4859 1277 4935 Comprobataest.
1288 4861 1360 4917 Pitb.
1375 4859 1587 4932 comprobate...
1655 4882 1659 4891 r

151 4945 202 4987 aar
1045 4932 1298 4989 stereometriam.
1312 4932 1384 4989 Pitb.
1402 4930 1676 4988 transnataret.

193 4973 410 5078 brriqarefflitlr.
427 5008 522 5082 ripere.
731 5054 734 5061 .
969 4984 997 5047 Ῑ)
1045 5002 1219 5062 Auribusnon
1232 5005 1339 5079 peritae,
1353 5015 1377 5061 et
1398 5001 1737 5078 mentitionibus...
1752 5016 1803 5069 εεεεε

192 5076 284 5146 Quasi
293 5078 391 5135 clivosi.
410 5079 584 5155 Pitlr.quant
596 5081 619 5140 ai
634 5082 698 5138 eliu.
989 5075 1125 5145 libitui
1138 5092 1212 5150 prov·

736 5395 1228 5439 m

295 5850 435 5913 Paraot..
455 5846 545 5911 xlx.
