4150 6167
1014 215 1127 277 COELll
1145 213 1283 277 subusti
1871 234 1907 293 ἢ
1982 279 1983 306 1

333 342 1903 380 m*

901 481 1076 578 ninnn
1113 487 1413 603 Quunnus

1055 669 1260 695 *ι

407 860 490 937 276
505 856 566 916 dam
589 854 711 929 placidas
723 851 851 912 iordanis
867 855 932 910 ltcm
945 857 1172 922 truusqrcssuslt
1255 846 1335 924 277
1360 845 1426 904 llam
1446 846 1576 920 quidquid
1599 857 1786 924 saturarent,
1806 870 1829 913 ss
1839 857 1912 930 jmtqq

974 943 1102 1017 [arenas,
1793 944 1894 1018 [prestat.

408 1046 511 1106 todaeae
524 1051 646 1102 sectatus
660 1041 723 1110 iter,
736 1039 796 1097 sine
810 1037 921 1096 nomine
933 1037 1050 1094 mixtum
1260 1033 1385 1105 Namque
1402 1032 1523 1091 loramen
1542 1047 1608 1089 acus
1622 1032 1688 1090 sicut
1701 1044 1821 1106 penetrare
1833 1044 1916 1101 undu

406 1139 528 1212 vulqus,
548 1147 576 1194 et
599 1137 756 1193 innumeras
771 1132 895 1190 relevans
916 1144 933 1188 a
952 1129 1031 1188 clade
1048 1138 1139 1187 cater-
1209 1127 1243 1184 tu
1261 1128 1446 1185 blembrnrum
1461 1142 1515 1196 pror
1532 1125 1604 1182 mole
1618 1129 1717 1199 nequit,
1734 1130 1846 1198 sicdires,
1858 1137 1917 1205 opina

1023 1223 1102 1299 [ras,
1264 1222 1416 1280 Fertilitate
1430 1230 1549 1287 tumens,
1564 1229 1672 1277 tenuem
1687 1236 1735 1278 nou
1749 1225 1885 1293 pussitadirs

411 1325 533 1396 Suscipit
548 1322 683 1390 indrmos,
697 1329 726 1378 et
740 1320 787 1376 dat
797 1316 939 1376 discedere
953 1331 1047 1374 sanos.
1264 1314 1387 1371 celestis
1401 1314 1476 1385 requi
1490 1313 1635 1369 ducentem
1647 1313 1679 1367 ad
1691 1313 1774 1370 limina
1784 1316 1869 1383 callen,

376 1421 395 1477 b
411 1421 454 1479 Nil
468 1419 550 1494 igitur
561 1429 669 1475 summu
679 1414 714 1471 de
727 1429 759 1471 se
779 1411 954 1485 sperantibus
965 1426 1087 1483 unquam
1265 1408 1297 1464 Ni
1317 1407 1431 1465 Genitor
1445 1422 1536 1464 rerum
1552 1406 1609 1479 (qui
1629 1408 1750 1463 mundum
1762 1410 1903 1481 legecocrect,

412 1513 529 1572 liilllcile
544 1520 586 1569 cst
596 1508 724 1568 ronlerre
733 1506 801 1573 Dee,
813 1506 856 1563 cui
870 1519 956 1577 pruna
971 1503 1088 1560 lacultas
1264 1502 1300 1559 lit
1313 1503 1386 1559 nulla
1400 1502 1451 1558 sub
1464 1502 1524 1573 lege
1536 1510 1643 1570 manet,
1662 1502 1704 1559 cui
1716 1502 1819 1560 condere
1828 1505 1921 1572 scilcet

409 1607 501 1666 Ardua
515 1608 641 1680 planare,
656 1611 684 1661 et
696 1617 778 1661 curra
791 1603 818 1657 in
830 1599 935 1658 directa
946 1598 1054 1657 referre
1067 1615 1075 1665 ;
1211 1597 1246 1654 ld
1264 1597 1350 1666 Quem
1361 1595 1517 1652 lroosnulla
1526 1595 1609 1665 ridet,
1622 1594 1671 1652 sed
1682 1605 1760 1652 toturn
1769 1597 1872 1668 conspicit
1878 1597 1922 1669 ipset

1023 1758 1114 1818 OPUS
1132 1757 1324 1817 PdSCflbLE.

374 1908 434 1966 iam
447 1921 509 1964 cum
528 1905 621 1963 denuo
644 1901 772 1961 iordanis
796 1901 899 1958 liuento
921 1896 1140 1970 transgrediens,
1156 1894 1350 1967 pelusium
1365 1892 1472 1949 scilicet
1486 1890 1691 1963 cognitionum,
1704 1897 1730 1946 et
1741 1888 1929 1947 semius'mlunu·

340 1998 579 2059 ludaeaeseruitam
593 1995 760 2068 preteriret,
782 1993 883 2067 passim
905 1992 1004 2063 vulqus
1025 1992 1142 2047 immen·
1192 1998 1260 2055 tum,
1282 2001 1335 2058 qua
1360 1984 1491 2042 Dominus
1513 1982 1547 2039 ad
1571 1982 1668 2039 mundi
1691 1981 1775 2038 cordis
1796 1981 1928 2036 babitaculum

341 2109 414 2159 sum,
431 2102 459 2150 et
481 2101 608 2147 catervas
619 2089 656 2146 ab
666 2087 744 2145 omni
765 2086 900 2144 uarietate
920 2085 1058 2155 lanquoris
1082 2083 1142 2139 sine
1192 2089 1267 2137 recto
1281 2078 1405 2150 graditur
1420 2078 1557 2148 ingressu.
1571 2073 1754 2147 Cogitationes
1777 2073 1929 2129 eteninctru

339 2185 451 2244 numine
472 2183 580 2241 curavit
603 2183 775 2250 innumeras,
799 2180 923 2236 inllrmus
948 2176 1098 2248 accipiens,
1114 2186 1143 2234 et
1192 2172 1313 2228 leuues
1328 2171 1379 2227 rire
1404 2177 1468 2225 suot
1488 2183 1614 2238 operum,
1638 2183 1700 2238 quse
1718 2167 1807 2222 bonum
1822 2165 1929 2235 cujuspian

338 2280 460 2338 colurnus
472 2288 485 2315 ⁴
495 2291 619 2333 remeare
630 2274 797 2332 concedeos.
807 2272 851 2330 Nil
863 2273 946 2345 igitur
958 2285 1068 2328 summo
1077 2284 1143 2327 cen·
1192 2265 1251 2321 siue
1264 2264 1365 2319 malurn
1380 2261 1538 2332 praecedere
1550 2260 1682 2316 videntur
1694 2257 1818 2315 ellectum.
1836 2255 1930 2326 Quidquid

340 2372 414 2430 lerre
428 2371 542 2427 dilllciie
555 2378 599 2426 est
609 2369 644 2426 (le
657 2383 688 2425 se
701 2367 889 2439 sperantibus,
906 2366 1032 2429 nomino,
1044 2365 1087 2421 cui
1100 2363 1142 2420 ia·
1193 2375 1259 2431 erqo
1272 2358 1433 2416 naturaliter
1445 2358 1491 2414 ris
1504 2356 1637 2428 denegat,
1651 2355 1747 2412 divinar
1757 2351 1932 2409 facillimunsub

341 2466 431 2522 cultas
445 2477 530 2537 prona
545 2460 730 2534 suppeditati
745 2461 830 2517 ardru
844 2461 970 2533 planare,
982 2457 1143 2514 curradiri·
1189 2453 1263 2526 jacet
1282 2452 1419 2524 potestati.
1440 2451 1562 2522 Namque
1581 2449 1675 2507 bellua
1701 2446 1817 2505 Camclus
1841 2446 1932 2500 inuersa

340 2573 416 2632 pere,
432 2556 504 2630 qnod
519 2564 562 2612 est
576 2554 709 2626 superbos
721 2554 755 2610 ad
769 2553 917 2610 humiliora
936 2552 1145 2623 deponerem·
1194 2548 1266 2604 sicut
1279 2545 1401 2604 lerameo
1417 2556 1481 2601 acus
1496 2548 1626 2617 exiguum
1644 2558 1696 2613 pro
1708 2540 1771 2597 tanti
1782 2535 1934 2610 corperisnolr

343 2649 468 2706 rantibus
483 2648 610 2705 sentilam
625 2647 826 2704 demonstrare.
845 2643 928 2702 lsrias
943 2659 1063 2716 namque
1080 2658 1145 2714 pro·
1196 2657 1249 2699 non
1264 2650 1354 2713 potest
1368 2651 1553 2706 transmeare,
1568 2639 1608 2692 sic
1622 2637 1764 2707 opulentus
1780 2626 1935 2689 dircsettmi

343 2742 425 2813 pbeta
446 2740 606 2812 maqnilrcus
621 2742 657 2797 ita
677 2741 801 2797 noscitur
814 2740 948 2802 elocutus,
967 2736 1070 2794 Christi
1082 2752 1144 2793 cum
1195 2734 1247 2790 dus
1263 2732 1357 2803 nequit
1369 2732 1403 2787 od
1419 2746 1503 2802 regna
1518 2730 1646 2786 coelestia
1662 2740 1768 2786 tenuem
1782 2721 1869 2795 anqusti
1885 2719 1935 2774 rolli

343 2836 517 2893 denuntiaret
536 2837 684 2892 adrentum
699 2853 706 2892 ε
725 2835 758 2889 Et
772 2843 847 2889 eruut
862 2849 943 2902 procu
955 2834 983 2889 iu
998 2833 1107 2898 directa,
1121 2842 1145 2886 et
1196 2829 1312 2886 introire
1330 2843 1378 2898 per
1393 2835 1512 2897 portam,
1528 2824 1582 2881 nisi
1599 2837 1696 2880 rernm
1717 2818 1832 2893 providus
1846 2814 1936 2888 quum

344 2943 438 2998 aspero
449 2927 477 2982 iu
487 2927 543 2982 rius
555 2927 656 2996 placas.
670 2926 806 2998 Numquid
815 2925 850 2982 de
860 2926 945 2991 saris,
956 2924 1144 2991 autsentibus,
1196 2934 1251 2993 tur,
1265 2924 1312 2995 qui
1325 2931 1411 2978 totum
1434 2921 1495 2993 leque
1515 2919 1652 2984 corstioet,
1673 2931 1725 2973 nec
1742 2922 1838 2970 tenetur
1853 2910 1895 2978 ipsc
1907 2903 1937 2956 ui

345 3029 392 3076 aut
417 3018 527 3075 iuberis
550 3019 655 3074 riarum
682 3017 858 3089 prophetarit
878 3017 1056 3083 intrantibus,
1084 3031 1145 3072 cum
1197 3018 1268 3089 lege,
1289 3032 1371 3090 quem
1392 3013 1465 3070 uuila
1486 3026 1615 3083 umquam
1640 3008 1725 3066 docies
1743 2997 1937 3077 aspiritalis

342 3109 468 3165 Cirristus
483 3109 516 3163 ad
531 3110 690 3165 salvandum
705 3109 811 3165 venerit
828 3112 971 3177 summum,
992 3126 1046 3167 non
1058 3110 1145 3177 siluis,
1197 3119 1296 3166 cuncta
1308 3124 1417 3180 semper
1430 3107 1557 3173 intendit,
1571 3116 1667 3161 mutos
1680 3104 1732 3160 bac
1746 3088 1939 3157 conditioncditd·

344 3212 374 3256 ct
399 3201 549 3270 montibus,
577 3200 626 3257 sed
649 3200 779 3258 bunuariis
800 3203 926 3272 pestribus
947 3205 1146 3260 coustitutum?
1199 3204 1278 3275 pulos
1301 3204 1398 3260 talibus
1419 3200 1533 3258 louissct
1556 3199 1687 3271 alloquiis
1710 3195 1855 3253 consolator
1869 3205 1874 3243 :
1890 3178 1937 3252 iqui

347 3291 406 3349 llnc
419 3301 462 3348 cst
476 3291 542 3349 illud
558 3294 651 3359 etiam,
678 3292 737 3350 νοω
753 3293 892 3350 clamantis
912 3297 939 3352 irs
956 3296 1070 3366 deserto,
1084 3314 1144 3370 quus
1158 3291 1182 3355 C
1198 3298 1323 3355 homines
1336 3299 1389 3355 boc
1402 3296 1571 3368 impossibiie
1585 3306 1641 3364 est,
1656 3294 1728 3363 apud
1740 3292 1817 3347 licum
1830 3294 1896 3341 auten
1905 3293 1940 3332 uu·

345 3393 450 3453 monet,
467 3399 565 3459 parare
579 3385 650 3443 riam
664 3385 791 3455 bomine,
812 3395 901 3446 rectas
914 3386 1004 3446 lacere
1025 3389 1137 3447 semitis
1192 3393 1237 3450 nia
1253 3392 1393 3465 possibilia
1411 3400 1491 3458 sunt;
1515 3405 1571 3446 uon
1590 3388 1726 3446 omuibus
1747 3385 1835 3457 quippe
1849 3372 1935 3434 diritius

1089 3571 1248 3633 SCllOle·
1287 3613 1290 3618 ‹

382 3707 723 3779 illuminatorisque
736 3725 842 3784 requam
857 3709 979 3766 scelerum
989 3711 1145 3767 iutrurerrorr
1198 3712 1317 3769 occurrit
1330 3710 1401 3782 opud
1416 3710 1577 3778 Jrrvencum,
1594 3709 1721 3775 Avitum,
1739 3707 1871 3761 aratorem.
1883 3692 1943 3776 nm

345 3789 438 3855 potest.
453 3780 520 3850 usq.
535 3781 547 3835 l
567 3780 638 3837 :titt
647 3779 775 3838 Dominus
787 3782 938 3837 innumerus
951 3783 986 3837 ud
999 3784 1146 3838 Adoesouat
1200 3791 1304 3847 uotum,
1320 3792 1350 3839 ut
1360 3794 1471 3838 reseres
1483 3781 1681 3850 inscriptiones
1691 3779 1821 3833 omittant.
1833 3768 1862 3825 St
1872 3778 1910 3848 {til
1919 3759 1941 3812 i·

347 3862 472 3908 cateruas.
496 3852 651 3923 chcrrdmu
671 3851 773 3909 Jodcae
794 3868 842 3920 pro
866 3854 901 3908 ud
915 3855 990 3921 Adoe,
1005 3862 1034 3908 ut
1045 3855 1147 3910 indicat
1198 3856 1248 3919 cit,
1266 3864 1338 3922 cto,
1360 3854 1506 3924 dequibus
1522 3852 1606 3907 rideri
1625 3861 1718 3916 qmtoet
1732 3865 1757 3901 v.
1777 3862 1800 3900 c.
1816 3830 1945 3910 lidelmi*

347 3924 447 3995 glossa.
460 3954 496 3965 -
506 3925 561 3979 οιι.
574 3924 603 3988 2,
612 3940 778 3993 conpressum·
791 3923 866 3984 dut..
878 3925 1008 3994 inmersus
1018 3942 1028 3981 .·
1039 3929 1145 3983 retineo
1199 3935 1293 3994 tensa,
1316 3926 1343 3980 in
1359 3941 1443 3995 opere
1463 3924 1571 3980 eruditu
1587 3922 1642 3979 lroc
1656 3938 1730 3977 anno
1743 3917 1808 3974 ltus
1819 3914 1892 3967 edito:
1912 3902 1946 3954 dt

348 4004 535 4066 transmersus.
548 3994 633 4061 Meris,
648 3995 788 4056 mendose.
804 3996 853 4050 iste
869 4005 1054 4067 trunrqressus.
1198 3997 1258 4051 tizie
1280 3998 1443 4052 concmneoti
1467 3997 1488 4051 tt
1512 4011 1588 4049 sacro
1613 3993 1735 4066 deposito
1760 3989 1785 4044 u·
1805 3983 1833 4042 S·
1852 3981 1946 4048 ditm

383 4068 411 4123 2.
433 4065 573 4134 Nonnulli,
588 4068 766 4122 sectmmitcr.
788 4067 916 4134 Plerique
932 4081 997 4123 mss.
1014 4077 1043 4122 et
1066 4069 1144 4135 editi,
1199 4069 1321 4135 mortire,
1336 4079 1389 4125 etc.
1415 4068 1502 4133 Cuius
1524 4067 1656 4136 martyris
1678 4054 1947 4126 seputrromllooatt·

348 4139 459 4194 mixtum
470 4155 479 4194 :
490 4148 517 4195 et
531 4140 646 4195 tortasse
656 4136 1071 4196 Sedoliusimitaturiurencum
1083 4140 1102 4195 1.
1117 4156 1146 4196 ιιι
1201 4155 1250 4211 per
1271 4151 1409 4208 repertum
1426 4138 1475 4195 luit
1490 4137 1542 4193 boc
1556 4135 1679 4208 simplici
1698 4134 1794 4189 titulo:
1812 4115 1947 4196 delibili

349 4207 1145 4292 versititl:complenturmeutoemistoesirrerrcmiuepiebir.
1201 4211 1343 4283 vivefecit.

351 4279 423 4362 Edu.
440 4279 526 4349 inps„
542 4292 660 4347 mestum,
677 4282 793 4338 lortnsse
807 4296 855 4346 pro
867 4281 971 4335 mistum
988 4298 998 4336 :
1013 4282 1148 4339 ruultialii
1238 4282 1282 4338 lli.
1297 4282 1353 4339 0tt.
1370 4284 1396 4341 l.
1412 4280 1486 4347 bib..
1509 4279 1589 4347 Urb.,
1606 4279 1705 4348 llum„
1727 4271 1834 4333 Partis..
1848 4277 1888 4321 ωδ·
1907 4257 1949 4336 ΒΨ·

349 4350 415 4436 editi
430 4349 505 4406 clare
519 4360 645 4406 rrroesturu.
660 4353 688 4408 in
710 4353 777 4422 ideq.
802 4353 827 4415 l,
854 4359 973 4407 sucatum
996 4363 1036 4408 est
1061 4355 1147 4423 primo
1202 4354 1307 4421 manni,
1320 4370 1367 4420 pro
1380 4354 1464 4408 meu:
1480 4352 1697 4424 sncliusestproe
1709 4347 1784 4408 mole,
1796 4329 1927 4414 qmqrristlt

349 4433 495 4493 scriptura,
513 4434 539 4477 et
552 4424 641 4492 glossa
654 4423 1018 4550 iuratoruorqmiatumaltera
1031 4426 1149 4497 scriptu·
1202 4426 1239 4482 sit
1254 4424 1281 4481 ln
1297 4440 1388 4495 prosa.

349 4508 397 4550 ra:
414 4506 506 4551 cutura
522 4495 620 4550 accidit
631 4495 658 4549 iu
701 4513 745 4563 eq.
760 4496 789 4551 2.
1241 4497 1285 4553 ll.
1300 4496 1436 4552 bentleius
1459 4493 1575 4550 Emcud.
1599 4493 1635 4548 ad
1661 4493 1752 4547 Cicer.
1776 4486 1865 4555 Quasi
1877 4467 1950 4531 Tetti·

384 4569 413 4623 ὅ.
425 4567 533 4626 bross..
546 4583 563 4618 u
572 4567 762 4650 murtsgatiim
778 4565 863 4631 clade,
879 4572 909 4619 ut
920 4564 939 4620 Ι.
951 4579 992 4633 ιιι,
1006 4581 1079 4622 vers.
1093 4568 1146 4623 td:
1164 4546 1230 4639 Dp.
1245 4568 1296 4637 dl,
1319 4583 1368 4637 pro
1383 4565 1531 4623 Fertilitmc
1545 4564 1691 4620 substituit
1714 4558 1845 4617 Attttitrre,
1858 4544 1912 4618 qud
1921 4553 1951 4594 m-

351 4633 575 4704 Poputosactade
594 4637 695 4692 leuauit.
1200 4654 1264 4694 rum
1290 4655 1388 4695 nornen
1407 4649 1450 4693 est
1464 4651 1514 4708 pro
1529 4635 1709 4706 pinguedine.
1734 4633 1814 4687 Recte
1828 4623 1952 4704 buttem·

387 4709 414 4762 8.
429 4707 521 4775 Genu,
535 4711 640 4770 drntz..
652 4708 762 4765 sclrcdae
773 4707 890 4771 Poelru..
903 4712 1013 4775 Perrh..
1025 4706 1147 4778 udinrn,
1202 4711 1303 4767 tionem
1315 4709 1480 4765 drntreuius
1495 4707 1673 4764 condemnat.
1691 4704 1813 4760 sumitur
1821 4707 1880 4750 emm
1891 4681 1953 4741 ledit·

351 4776 454 4842 Ruso..
470 4778 558 4849 Aug..
575 4778 630 4861 titt.
643 4779 680 4862 l,
695 4779 728 4846 b,
745 4780 805 4835 Vnt.
823 4780 896 4851 t,s‚
918 4787 984 4857 ling.
1000 4785 1028 4848 5,
1046 4781 1106 4836 sib,
1121 4794 1146 4838 et
1201 4790 1242 4837 tas
1257 4799 1305 4852 pro
1315 4781 1478 4837 abundantia
1489 4793 1538 4835 seu
1550 4779 1631 4848 copia
1656 4791 1764 4833 rerum.
1776 4752 1953 4842 brutum*

351 4847 438 4916 lirin,
454 4847 526 4931 illum
539 4847 678 4920 quidqerd.
695 4850 760 4921 lleq.
776 4850 849 4916 ld,
871 4868 932 4911 cum
950 4854 1041 4912 multis
1053 4851 1146 4916 editis,
1200 4852 1280 4920 bid,
1296 4851 1358 4908 Vnt.
1375 4855 1385 4907 l
1399 4893 1406 4912 ,
1420 4851 1450 4914 2,
1466 4850 1532 4920 lleq.
1549 4850 1585 4913 5,
1601 4857 1714 4916 posset:
1730 4844 1799 4914 quud
1814 4852 1860 4892 '⁸0¹¹
1871 4827 1954 4902 iiiii*

349 4929 502 5005 praesertum
525 4921 743 5001 recentioribus,
765 4922 798 4977 Et
820 4923 954 4999 quidquid.
980 4925 1073 4986 ltcrrs,
1098 4926 1149 4991 Qui
1201 4924 1360 4979 brntzruio.
1384 4924 1412 4979 ln
1432 4921 1488 4978 litt.
1510 4920 1545 4985 l,
1568 4936 1600 4975 ex
1623 4920 1711 4986 possit
1731 4921 1826 4970 lactum
1845 4911 1923 4977 posu:
1938 4905 1954 4968 Ψ

348 4992 488 5064 quidquid.
511 4988 697 5077 increbuisset
714 4997 890 5061 conjecturo:
914 4999 949 5055 Ut
960 4994 1088 5069 qrrldquid
1099 5013 1147 5048 uo·
1200 4992 1268 5065 ilcq.
1284 4996 1311 5061 l,
1332 4994 1361 5062 2,
1386 5011 1419 5051 er
1434 5001 1518 5063 posset
1532 5002 1691 5047 correctrrm
1707 4988 1809 5060 possit,
1832 4975 1890 5048 qnod
1902 4975 1956 5033 ΜΨ

347 5075 408 5147 turn
423 5075 509 5149 nequi,
530 5078 558 5117 se
566 5067 670 5146 preduce.
684 5076 795 5133 proruet.
812 5065 952 5126 Grunerus
965 5066 1100 5126 dolendis.
1116 5067 1148 5120 Et
1200 5066 1289 5136 piacet
1302 5082 1351 5135 pru
1364 5066 1469 5139 poterit.

365 5135 485 5208 urdqrud,
501 5143 567 5203 etc„
584 5144 634 5190 mss
648 5135 756 5200 latetur,
771 5138 910 5197 duriorem
925 5156 985 5198 csse
1000 5141 1071 5196 burne
1085 5153 1148 5194 rur·
1237 5137 1281 5193 tt.
1298 5137 1403 5193 Poelus.
1416 5132 1709 5205 ulorrditpareotbcsin
1725 5130 1752 5184 in
1766 5120 1886 5192 compiti-
1899 5110 1956 5164 ²¹¹¹¹¹

386 5223 445 5264 rurn
458 5220 567 5264 nerum.
582 5202 690 5261 Clarius
703 5221 744 5263 est
757 5210 848 5274 lectio,
868 5228 948 5279 quam
962 5213 1084 5281 plerique
1097 5225 1146 5263 rso·
1198 5208 1263 5335 {tusc
1288 5209 1327 5265 lle
1341 5223 1407 5265 voce
1419 5206 1584 5277 iotpcuiiitis
1594 5205 1655 5260 disi
1672 5203 1709 5258 ad
1727 5194 1892 5256 Prudentiuot
1910 5189 1956 5233 iffi·

348 5280 398 5335 stri
410 5279 521 5335 codices
536 5286 650 5344 tenent,
667 5276 738 5333 Nom
752 5282 899 5353 quidquid,
915 5297 986 5348 etc..
1008 5280 1149 5352 magisque
1219 5281 1254 5335 55
1269 5279 1389 5348 npetu,
1406 5282 1444 5336 uti
1465 5278 1500 5333 de
1517 5276 1634 5349 simplici
1660 5271 1794 5347 possibilis
1808 5267 1839 5321 ad
1852 5261 1958 5318 ruent·

350 5348 385 5404 ad
403 5365 511 5416 prosam
524 5347 657 5407 accedere
673 5351 789 5408 ridetur.
806 5355 946 5412 tibiatirus
961 5354 1103 5411 absolutus
1121 5369 1150 5407 se
1198 5365 1229 5418 u,
1246 5352 1310 5408 535.

344 5422 457 5494 judice,
478 5431 584 5495 proeatut
600 5436 651 5492 pre
669 5423 726 5493 ipse
742 5425 827 5499 judea
838 5426 1049 5494 proestut,simiti
1066 5424 1147 5479 mudn
1661 5457 1664 5462 ,
1951 5481 1954 5486 ⁴

385 5524 399 5554 ¹¹
419 5515 527 5589 Vulqati
537 5533 635 5577 umrres
646 5519 920 5582 babentetcoturuas:
935 5523 1007 5595 apud
1016 5520 1150 5578 isidorum
1198 5534 1268 5592 pare,
1281 5533 1331 5589 pro
1342 5531 1408 5589 quo,
1428 5515 1528 5588 lnquit,
1539 5522 1618 5571 retus
1630 5510 1726 5568 codex
1742 5503 1854 5563 usuum
1867 5502 1926 5550 tut·
1939 5479 1960 5532 ὼ

307 5593 311 5600 ’
350 5580 506 5660 lusstym.
530 5598 624 5673 exstat·
645 5591 772 5651 imerus
788 5593 1151 5663 colomisrelcclumis,pro
1198 5587 1440 5646 riercslortasse
1462 5585 1533 5658 apud
1558 5584 1688 5642 loretum
1715 5576 1856 5649 tegendum
1876 5565 1960 5634 Μ’·

352 5666 444 5712 erecto
453 5667 483 5714 et
496 5658 637 5716 incolumi.
649 5662 788 5722 Tribuitur
799 5667 882 5724 etiam
898 5667 1005 5724 Plauto.
1198 5608 1260 5720 ufic
1274 5662 1419 5717 mndonoo
1434 5657 1608 5729 intelligitur,
1615 5653 1696 5738 ⁶qnid
1714 5647 1851 5708 emendet.
1873 5633 1960 5692 Velim

386 5726 402 5763 i
422 5726 532 5782 iuretur
544 5729 580 5784 ila
593 5732 732 5801 emendet,
752 5735 837 5793 urduu
848 5741 967 5810 plorante,
979 5753 1060 5794 curua
1083 5734 1145 5791 diri·
1199 5733 1373 5806 prouerbium
1387 5741 1447 5789 erat
1459 5747 1538 5785 cursu
1553 5742 1701 5801 corrupere.
1789 5765 1794 5770 -
