4150 6167
910 245 1062 324 lbttttt.

438 367 606 433 tntttltitt
630 370 689 434 itt.

503 481 619 544 Biasuio.

308 604 321 636 '¹
336 605 471 663 Ausoutus
491 603 585 663 Paulo
603 623 651 663 auo
669 607 789 665 sulutem.

201 719 337 776 Pervincis
351 729 449 787 tamen,
464 729 490 776 et
503 728 594 793 operte
604 719 743 778 llusnrum
752 738 870 779 orcarum
881 757 890 791 ‚
900 721 964 797 sque

166 815 299 871 initiorum
319 813 422 870 1111111
433 813 597 887 obscuritas,
619 831 775 889 quamquam
801 833 854 873 uon
874 817 964 890 proicis

166 926 212 966 nus
223 908 361 980 irrumpis,
378 905 464 964 Paule
478 908 640 966 cinnama.
663 909 786 979 Quamuis
795 911 863 967 enlm
873 920 898 967 tc
910 917 963 967 uoti

164 1006 220 1078 ejus
233 1002 306 1077 uulgi
318 1001 475 1073 existiment,
495 1005 567 1076 quod
588 1001 720 1061 Horatius
734 1013 805 1062 arsat
818 1006 939 1080 inpressu
952 1045 960 1074 ,

163 1108 248 1153 tumen
261 1113 309 1153 atta
321 1097 415 1167 cuique
427 1113 514 1152 socru.
529 1097 666 1154 Nesidem
678 1098 766 1156 Cereri
774 1099 844 1172 quad
856 1099 960 1170 bibero,

162 1194 241 1250 etiarn
252 1192 301 1248 sui
310 1192 402 1249 iisdem
417 1191 570 1248 1111111111.
584 1190 710 1248 Pounnata
719 1194 815 1264 quaein
826 1194 962 1251 alumnam

163 1282 460 1353 mantuanum&
472 1293 498 1341 et
506 1283 630 1341 inchoata
638 1285 827 1344 uddomcaticoe
838 1286 962 1345 solatium

162 1381 307 1450 cantilenae,
323 1395 381 1435 cum
389 1379 446 1435 sinc
458 1389 529 1435 metu
542 1388 567 1435 et
580 1395 678 1436 areuna
688 1383 825 1438 securitate
839 1384 960 1455 {rumen-

162 1482 214 1540 tur,
225 1472 343 1545 proferre
356 1471 391 1527 ud
401 1470 487 1527 iucem
498 1470 642 1546 caligantia
653 1473 758 1545 coepisti
770 1489 780 1528 .·
798 1475 960 1531 umestndioe

162 1583 223 1623 meu
235 1565 334 1621 udicet
347 1564 462 1634 spolium
477 1565 641 1636 concupisti,
664 1574 711 1621 out
722 1575 849 1638 mentum
870 1565 916 1623 utt
929 1569 958 1623 in

161 1660 278 1731 meinric
287 1666 355 1713 essct
366 1657 399 1712 alr
409 1658 489 1713 inuito
501 1658 624 1713 indicari.

162 1752 263 1807 redonis
275 1750 448 1820 pervicacium
461 1764 647 1821 supergressus
659 1792 666 1819 ,
680 1752 724 1823 pul
737 1752 829 1822 fatalis

160 1862 200 1914 ra,
212 1862 270 1901 eum
282 1839 383 1901 seberc
392 1849 444 1900 don
453 1853 550 1916 posset,
562 1845 683 1917 abscidit,
698 1844 955 1922 etPgtlrioespccum,

161 1940 228 2013 quod
238 1939 314 2010 nelos
326 1948 381 1994 erut
393 1947 490 2009 petere,
504 1940 659 2010 penetrarit.
674 1939 754 1996 Utere
764 1941 846 2011 igitur
860 1949 888 1996 ut
907 1943 959 1999 iuis

163 2033 223 2104 pari
229 2034 304 2105 jere,
314 2031 361 2088 scd
373 2031 470 2102 fiducia
483 2029 595 2101 dispari.
613 2030 716 2106 Quippe
725 2038 770 2087 tara
785 2042 893 2104 metant
909 2050 958 2107 po·

160 2124 250 2198 putum
262 2139 316 2182 non
330 2126 430 2194 tinere,
444 2125 508 2180 ursis
520 2125 598 2180 etiarn
611 2126 681 2180 intro
690 2139 730 2180 me
743 2123 873 2181 eruiemo.

195 2264 229 2322 Ut
242 2259 363 2333 noluisti,
374 2263 467 2330 Paule,
483 2270 598 2319 cunctos
611 2260 726 2318 Bissula
738 2274 835 2319 tersus
849 2259 933 2320 babes
946 2278 955 2323 t

158 2357 284 2414 lusimus
297 2369 366 2429 quos
380 2356 407 2412 in
423 2354 520 2414 Sueiae
532 2351 648 2425 gratiam
669 2353 847 2424 virguncula,

157 2452 246 2510 Otium
261 2451 347 2522 magis
361 2450 499 2518 inventes,
515 2463 597 2520 quam
610 2446 752 2505 studentes
765 2447 883 2520 gloria]

156 2548 198 2604 lu
214 2545 345 2603 molestus
358 2543 494 2616 flagitator
507 2539 568 2614 tego
581 2541 698 2600 molesta
713 2542 845 2599 carmina.

156 2639 234 2709 Tibi,
253 2633 325 2711 quod
346 2634 464 2707 intristi,
479 2632 650 2693 eredendum
671 2642 728 2702 est3
744 2633 784 2691 sic
799 2643 954 2693 11111111-

448 2735 451 2740 ’
736 2723 917 2800 [1111]11111;

156 2822 318 2897 compedes,
333 2836 401 2895 quas
416 2820 474 2892 ipsc
489 2817 564 2887 iecit,
579 2817 654 2892 ipsus
666 2826 698 2875 ut
711 2826 801 2889 gestet
813 2817 899 2876 iaber.

364 2959 406 3014 lid
423 2959 544 3045 tectorem
556 2956 637 3027 buius
649 2954 740 3012 tiletti.

154 3079 289 3139 Carminis
302 3075 436 3149 incompti
449 3085 557 3133 tenuem
573 3073 677 3131 lecture
692 3071 825 3144 libellum,

191 3173 264 3230 Pone
279 3169 468 3243 supercilium.
563 3167 569 3176 '

154 3267 232 3326 Seria
244 3265 392 3323 contractis
405 3261 528 3336 expcnde
544 3268 668 3336 poemata
682 3260 768 3334 rugis.

189 3360 243 3415 Nos
257 3357 408 3432 'ibytnelen
421 3356 572 3428 sequimur.

153 3452 259 3510 Bissula
271 3449 298 3508 io
313 3449 365 3507 boe
379 3448 493 3507 selredlo
507 3446 673 3513 cantabitur,
687 3449 733 3502 aut
746 3445 887 3504 erastum.

190 3543 340 3608 ⁸admoneo,
353 3551 416 3598 ante
429 3537 515 3597 bibas.

152 3637 257 3708 ieiunis
273 3635 310 3692 nil
325 3633 426 3705 scribo,
441 3647 533 3692 meum
550 3633 612 3705 post
626 3631 722 3704 pocula
736 3630 759 3687 sl
773 3631 835 3702 quis

190 3726 308 3799 legerit,
325 3725 369 3782 iric
383 3725 483 3798 sapiat.
711 3725 715 3730 ’

153 3819 208 3876 seu
222 3818 310 3890 magis
325 3817 369 3874 lric
384 3818 487 3889 sapiet,
501 3814 524 3872 si
536 3811 656 3873 dormiet
671 3830 678 3870 a
694 3817 722 3872 ei
737 3818 815 3886 prater
829 3813 879 3870 ista

189 3914 302 3973 Somnia
314 3912 399 3971 missa
413 3913 477 3971 sibi.

155 4053 206 4111 titt
226 4061 290 4110 nata
309 4049 344 4108 sit
363 4049 480 4120 Bissula,
502 4058 527 4106 et
544 4048 673 4134 mornado
692 4047 720 4105 in
738 4063 831 4103 manas
853 4046 954 4104 domini

499 4130 605 4177 renent.

154 4237 260 4298 Bissula
272 4245 348 4296 usos
357 4236 477 4308 gelidum
487 4237 573 4307 stirpe
583 4243 611 4292 et
621 4233 680 4294 lare
693 4241 802 4305 prosata
814 4232 952 4305 Rhenum,

189 4330 305 4392 Conscia
318 4327 456 4388 nascentis
468 4327 577 4387 Bissula
593 4325 720 4393 danubii,

154 4422 240 4495 Capta
254 4437 349 4489 monn,
363 4422 411 4479 sed
425 4423 507 4478 missa
522 4437 616 4490 martur,
630 4420 787 4477 dominatur
800 4417 827 4473 in
841 4416 900 4490 ejus

192 4515 313 4581 Deliciis,
327 4515 407 4587 cuius
420 4514 515 4571 bellica
531 4514 622 4586 pracda
636 4513 697 4569 luit.
803 4573 808 4588 ‚

151 4607 241 4665 blatra
254 4621 363 4676 carens,
380 4608 497 4666 nutricis
515 4623 608 4680 egens,
623 4607 738 4664 nescirit
752 4606 828 4666 herai
842 4661 846 4670 q

191 4700 339 4774 imperium
353 4739 583 4759 ...........

153 4792 285 4851 Fortunat
300 4808 333 4850 ac
348 4793 444 4865 patriae
457 4807 517 4865 quac
531 4792 603 4850 nulla
618 4792 765 4865 opprobria
780 4790 878 4858 sensit,

191 4884 267 4941 lllico
281 4884 424 4957 inexperto
440 4885 524 4941 libera
539 4885 663 4942 seruitio.

153 4977 202 5033 Sic
216 4976 303 5033 Latiis
318 4987 419 5034 rnutata
435 4977 524 5042 bortis,
541 4976 674 5033 Germana
688 4987 813 5034 maneret

191 5067 228 5126 llt
243 5068 337 5139 iacies,
352 5068 447 5125 oculos
461 5071 574 5136 cerula,
590 5070 658 5125 dara
672 5084 776 5127 comas.

149 5161 316 5233 Ambiguam
337 5162 418 5218 modo
434 5162 524 5234 lingua
539 5163 612 5229 iacit,
629 5163 709 5220 modo
723 5164 810 5220 lorma
824 5162 953 5237 pueliam,

190 5253 256 5309 llaec
268 5252 366 5311 Rheno
378 5256 497 5327 genitam
514 5254 653 5326 praedicat,
670 5255 728 5311 iraec
742 5251 829 5312 Latio.

417 5386 458 5444 De
476 5385 566 5446 eadem
579 5387 693 5446 durata.

189 5499 335 5570 Delicium,
351 5501 606 5570 blanderatensis,
622 5518 709 5572 amor,
725 5501 862 5576 voluptas,

148 5598 287 5666 Barbara,
302 5593 350 5653 sed
364 5613 424 5668 qum
438 5597 529 5654 Latias
544 5595 633 5653 uineis
648 5595 756 5654 alumna
769 5605 865 5671 pupas,

148 5690 266 5748 Bissula
278 5703 377 5747 nornen
394 5699 495 5747 tenerae
508 5691 669 5747 rusticulum
683 5689 793 5762 puelle,

147 5782 335 5844 llorriduium
351 5797 405 5842 non
422 5784 522 5855 solitis,
537 5783 586 5843 sed
600 5785 714 5846 domiuo
728 5771 883 5848 venustum,

42 6079 313 6128 ²—

1767 258 1825 331 880

1168 367 1211 431 Ad
1221 374 1355 452 pictorem,
1370 375 1403 434 de
1415 376 1527 437 Bissulae
1537 376 1659 454 iutoplne.

1052 487 1158 550 Bissula
1172 508 1223 558 nec
1236 494 1317 564 ceris,
1333 508 1385 552 uee
1398 494 1461 553 luco
1474 494 1615 554 imitabilis
1628 493 1697 567 ulio,

1015 585 1143 644 Naturale
1156 586 1240 644 decus
1254 587 1324 644 lictae
1333 603 1385 646 non
1400 589 1555 647 commodat
1569 590 1635 648 arti.

1014 677 1141 752 Sandys,
1155 686 1182 737 11
1195 695 1317 751 cerussa,
1334 682 1403 739 alias
1416 682 1543 741 simulate
1554 683 1670 756 puellas,

1015 770 1811 853 Temperiembancuultusnescitmanus,ergoage,pielor,

1014 864 1150 923 Puniceus
1163 865 1301 924 coniundc
1313 882 1407 940 rosas,
1423 871 1451 926 11
1464 869 1521 926 lilia
1537 869 1633 928 misce.

1013 958 1120 1032 Quique
1131 959 1184 1017 erit
1195 975 1230 1017 ex
1242 960 1296 1019 iilis
1307 961 1384 1020 coior
1397 963 1480 1033 aeris,
1494 963 1554 1037 ipse
1569 963 1606 1036 sit
1619 963 1685 1023 eris.

1318 1077 1361 1133 dd
1379 1079 1507 1134 eamdent.

1014 1185 1131 1258 Pingere
1143 1187 1167 1244 si
1180 1197 1301 1244 nostram
1317 1189 1406 1261 pletor
1420 1191 1560 1249 meditaris
1572 1192 1722 1260 alumnam,

1049 1279 1157 1336 AEmula
1170 1279 1314 1354 Cecropias
1328 1296 1373 1340 ars
1386 1283 1507 1342 imitetur
1519 1299 1595 1357 apes.

1280 1396 1446 1459 luitbttitt
1472 1401 1541 1460 vltl.

1012 1510 1134 1568 Precatio
1154 1513 1263 1572 Ausonii
1284 1518 1398 1574 consulis
1417 1518 1559 1590 desipuisti,
1582 1519 1666 1591 pridie
1687 1513 1812 1578 tutandas

1221 1586 1344 1644 ianuarii
1363 1589 1477 1660 tantm
1488 1592 1610 1662 sumptis.

638 1658 690 1715 Noe
699 1658 881 1717 '‘imma'‘
893 1660 956 1717 Μ’
1010 1699 1028 1747 i‘
1047 1701 1124 1771 iane,
1135 1703 1199 1761 reni
1215 1710 1326 1761 {novus
1340 1719 1421 1772 anne,
1433 1705 1511 1762 seni:
1527 1713 1657 1764 reuersis
1670 1701 1811 1776 reatini

838 1754 902 1826 jupl
918 1753 957 1809 ¹⁰·
971 1765 996 1840 b
1008 1792 1137 1851 Consulis
1152 1796 1262 1852 Ausonii
1276 1796 1381 1852 Latiam
1393 1796 1486 1854 visure
1500 1797 1634 1854 curulem.

1009 1887 1116 1960 Ecquid
1131 1888 1166 1945 ab
1178 1892 1298 1962 Augusta
1311 1904 1384 1946 nunc
1398 1890 1539 1961 majestate
1553 1893 1717 1960 seeundum,

1008 1981 1088 2052 Quod
1102 1983 1222 2051 mireris,
1237 1979 1341 2041 trabes?
1355 1983 1440 2040 Roma
1456 1983 1512 2054 iila,
1527 1983 1679 2060 domusque
1688 1984 1807 2057 Quirini,

1008 2074 1044 2131 Et
1058 2085 1118 2143 toga
1133 2078 1263 2149 purpurei
1279 2077 1396 2135 rutilans
1410 2078 1654 2152 11111111111111,

1007 2167 1067 2226 lioe
1078 2170 1167 2240 eapite
1179 2171 1288 2228 aeternis
1303 2171 1393 2243 signat
1404 2186 1453 2228 sua
1473 2179 1594 2244 tempora
1609 2172 1711 2231 Fastis.

1007 2259 1099 2329 burte,
1114 2260 1193 2338 bonis
1207 2273 1297 2335 eoepte
1309 2264 1448 2335 auspiciis,
1465 2263 1499 2321 da
1514 2280 1579 2322 rere
1592 2266 1694 2324 salubri

1006 2353 1122 2424 apricas
1134 2362 1276 2411 uentorum
1291 2354 1407 2425 animas,
1422 2355 1457 2411 da
1470 2353 1577 2413 roseida
1589 2355 1696 2415 Cancro

1007 2443 1141 2517 Solstitia,
1158 2454 1186 2503 et
1200 2445 1318 2519 gelidum
1333 2445 1449 2503 Boream
1462 2443 1670 2518 Septembribus
1683 2445 1768 2507 boris.

1006 2538 1129 2596 Mordeat
1143 2533 1295 2597 autumnas
1309 2537 1393 2609 frigus
1406 2538 1507 2596 subtile
1521 2541 1648 2611 pruinas;

1005 2632 1041 2689 lit
1054 2640 1163 2689 mnuata
1178 2631 1267 2689 modis
1278 2641 1369 2690 cesset
1381 2631 1563 2690 mediocribus
1577 2632 1681 2691 AEstas.

971 2786 974 2791 ,
1006 2723 1163 2782 Serpentem
1178 2732 1259 2782 notus
1273 2721 1423 2781 humillcet.
1440 2722 1482 2798 Sit
1495 2723 1594 2782 Bruma
1610 2724 1719 2797 niualis,

1005 2818 1075 2875 Itum
1090 2827 1168 2890 pater
1182 2817 1286 2891 antiqui
1298 2826 1445 2877 teneratur
1458 2817 1572 2877 llartius
1584 2822 1660 2879 euni.
1675 2887 1678 2892 ,

1005 2911 1098 2982 Spiret
1111 2910 1227 2970 odorato
1241 2911 1338 2968 dorum
1353 2926 1424 2969 nota
1437 2912 1525 2984 gratia
1540 2912 1621 2982 baio,

1005 3005 1092 3062 iulius
1105 3014 1133 3062 et
1150 3015 1255 3078 segetes
1269 3015 1380 3079 coquat,
1396 3014 1424 3062 et
1438 3021 1515 3063 mare
1529 3014 1661 3080 temperet
1675 3007 1767 3067 Euris.

1004 3098 1093 3155 Sirius
1106 3096 1248 3155 ardentem
1260 3113 1314 3155 nou
1326 3106 1424 3170 augeat
1438 3095 1500 3169 igne
1512 3096 1644 3156 Leonem.

967 3168 991 3235 C
1006 3189 1132 3248 Discolor
1143 3190 1274 3247 arboreus
1289 3189 1376 3247 rariet
1390 3188 1510 3247 Pomona
1523 3204 1646 3263 sapores.

1005 3283 1112 3355 blitiget
1126 3292 1283 3351 autumnus,
1299 3282 1371 3356 quod
1386 3283 1563 3340 maturaverit
1577 3291 1669 3355 aestas,

1004 3375 1039 3433 lit
1052 3372 1168 3449 genialis
1182 3374 1270 3433 biems
1282 3383 1359 3448 parta
1372 3376 1425 3433 sibi
1440 3373 1504 3433 dote
1517 3375 1634 3433 fruatur.

1004 3465 1105 3524 Pacem
1119 3465 1238 3524 mundus
1251 3471 1314 3537 agat
1329 3484 1336 3522 ε
1352 3481 1403 3523 nce
1418 3464 1524 3522 turbida
1537 3466 1626 3524 sidera
1641 3478 1766 3541 regnant.

1003 3555 1085 3615 Nulla
1100 3568 1172 3624 tuos,
1188 3556 1315 3623 Gradiue,
1329 3556 1449 3613 offendat
1460 3555 1539 3613 stella
1555 3567 1678 3630 penates,

1004 3649 1071 3720 Qtrae
1083 3663 1137 3708 nun
1153 3664 1230 3722 aequa
1246 3648 1294 3705 tdri
1310 3665 1318 3705 :
1333 3662 1387 3705 non
1402 3647 1533 3722 antbim
1549 3665 1604 3708 non
1615 3653 1690 3717 celer
1700 3647 1786 3713 areas

1004 3741 1149 3798 Finitimus
1165 3740 1245 3798 terris
1261 3757 1268 3796 :
1283 3753 1338 3796 non
1354 3748 1394 3808 tu,
1409 3741 1537 3812 Saturne,
1553 3755 1684 3814 supremo

1005 3833 1106 3892 Ultime
1119 3833 1244 3890 circuitu.
1258 3831 1356 3889 Procul
1370 3847 1385 3888 a
1398 3832 1533 3906 Pyroente
1545 3843 1666 3892 remotus
1772 3867 1778 3878 ·

931 3995 935 4002 ⁴
1005 3928 1192 4001 Tranquillum
1207 3926 1365 4000 properabis
1381 3927 1443 3986 iter.
1458 3927 1514 3985 ios
1528 3930 1652 3988 cominus
1665 3932 1712 4003 ite,

1005 4021 1091 4080 Stella
1105 4020 1244 4092 salutigeri
1259 4017 1344 4089 iouis,
1359 4030 1387 4077 et
1400 4015 1547 4092 Cythereie
1562 4021 1677 4096 Vesper.

1005 4112 1215 4185 Nonnumquam
1237 4112 1389 4185 bospitibus
1403 4112 1488 4171 lacilis
1503 4113 1643 4186 Cyllenius
1655 4115 1737 4174 adsit.

1040 4209 1119 4277 iane,
1127 4206 1189 4263 reni
1201 4223 1209 4263 a
1221 4220 1307 4263 nurus
1317 4205 1467 4273 annonem
1479 4222 1488 4261 a
1499 4209 1629 4266 reputate
1639 4209 1712 4278 ueni,
1725 4209 1784 4268 Sol.

1006 4299 1134 4358 liostibus
1147 4298 1274 4356 edomitis
1288 4313 1340 4370 qua
1353 4297 1468 4354 Francia
1480 4299 1565 4355 mixta
1578 4295 1676 4358 Sueris

1004 4391 1099 4449 Certat
1112 4391 1145 4447 ad
1159 4389 1330 4461 obsequium,
1344 4389 1430 4446 Latiis
1444 4397 1474 4446 ut
1487 4391 1585 4449 militet
1597 4394 1681 4451 armis
1696 4414 1703 4449 :

1005 4486 1065 4556 Qua
1080 4501 1145 4559 vaga
1156 4485 1330 4544 Sauromates
1343 4484 1394 4540 sibi
1402 4483 1533 4554 iunxerat
1546 4487 1654 4567 agmina
1667 4483 1768 4556 Cbuui,

1006 4578 1119 4652 Quaque
1130 4578 1212 4636 Getes
1224 4576 1306 4633 sociis
1319 4573 1439 4632 liistrum
1454 4575 1603 4634 assultabat
1617 4576 1721 4634 Alanis.

1006 4672 1066 4729 lloe
1080 4671 1145 4726 milri
1161 4668 1326 4741 praeperibus
1338 4667 1451 4725 uictoria
1466 4667 1645 4726 nuntiaretis.

1005 4762 1067 4820 lam
1081 4763 1157 4819 uenit
1171 4763 1319 4834 Augustus,
1336 4766 1445 4816 nostros
1461 4769 1492 4816 ut
1505 4771 1597 4818 comat
1610 4761 1740 4835 bonores,

1006 4851 1105 4910 0111111
1119 4866 1266 4921 exornans,
1283 4865 1351 4923 quos
1366 4850 1528 4923 participare
1540 4853 1672 4925 cupisset.

1041 4945 1189 5017 lobeceni
1204 4964 1212 5001 z
1228 4959 1314 5001 novus
1327 4958 1408 5013 anne,
1420 4945 1483 5001 reni
1496 4964 1503 5000 :
1516 4955 1647 5005 renorate
1659 4947 1733 5018 teni,
1744 4943 1803 5007 Sui.

1006 5040 1095 5096 Aurea
1109 5047 1236 5106 uenturo,
1250 5035 1308 5103 Sol,
1325 5038 1434 5109 porrige
1448 5035 1544 5106 gaudia
1559 5039 1631 5096 lano
1645 5058 1652 5096 s

1009 5133 1138 5190 Fascibus
1150 5131 1264 5188 Ausonii
1276 5129 1408 5188 succedet
1420 5128 1513 5187 Caesar
1527 5131 1553 5187 ln
1568 5147 1682 5200 annum,

1007 5226 1135 5296 Quintam
1149 5221 1273 5281 Romulei
1287 5221 1450 5294 praetextam
1465 5223 1605 5282 ltabliurds
1619 5224 1741 5283 honoris.

1008 5320 1081 5377 llcce
1094 5318 1141 5376 ubl
1154 5331 1184 5374 se
1197 5318 1318 5374 cumulat
1332 5333 1391 5375 mea
1407 5325 1528 5391 purpura
1544 5317 1666 5391 (mitibus
1678 5317 1741 5376 audi

909 5397 914 5406 ⁹
1008 5411 1128 5471 duribus
1140 5411 1202 5480 ltoc,
1217 5408 1364 5483 Nemesis),
1382 5417 1444 5483 post
1457 5425 1500 5468 me
1512 5407 1639 5483 dignatur
1650 5412 1716 5470 urltl

1009 5505 1147 5579 Augustus
1158 5503 1264 5561 consul.
1280 5501 1345 5562 Plus
1359 5503 1440 5576 quain
1454 5497 1578 5560 conicere
1591 5495 1700 5563 videtur

986 5647 991 5656 .
1008 5601 1050 5657 lie
1064 5601 1116 5658 sibi
1134 5599 1201 5671 :qul
1212 5598 1294 5670 Jnsslt
1307 5602 1415 5655 nostros
1430 5595 1587 5671 precedere
1602 5589 1699 5657 fasces.

1043 5694 1122 5763 iane,
1133 5691 1194 5749 reni
1210 5709 1216 5747 :
1235 5703 1321 5749 nurus
1335 5689 1486 5761 associent
1496 5698 1641 5750 :reumate
1655 5692 1733 5766 redi,
1746 5675 1810 5767 Βοὴ

1008 5786 1083 5863 coge
1097 5795 1242 5848 secuturus
1254 5785 1296 5846 bis
1311 5798 1377 5845 sena
1391 5795 1442 5861 per
1456 5785 1526 5845 ostia
1540 5797 1660 5863 menses,
