4150 6167
166 222 201 284 lbi
542 225 683 285 COELlUS
702 223 878 284 sttoutttts.
899 254 935 267 -
952 219 1125 282 Ettsrotm
1144 220 1389 281 oootcetotttu.

778 553 864 599 sntio
884 553 1000 600 Domitii
1022 550 1161 599 cccxcii.

374 707 882 874 COELIUS
945 696 1581 871 SEDULIUS.

696 978 771 1041 (Edit.
784 978 816 1029 ub
828 976 934 1029 Arausio
945 974 1028 1028 Romae
1041 976 1104 1028 itui
1114 979 1226 1041 recusa.)

800 1123 1141 1143 m
1163 1130 1166 1139 n

571 1274 872 1458 optutus
924 1279 1333 1423 urbiculoriu.

150 1650 353 1711 Enimntissimo
364 1663 388 1710 et
403 1654 616 1712 rnnentnnmo
627 1654 740 1725 principi
753 1662 777 1710 et
791 1654 826 1710 ll.
838 1653 874 1710 tt.
888 1654 1038 1713 Funuaieco
1048 1656 1173 1713 Aureum
1182 1672 1216 1712 oto
1227 1655 1389 1713 masuetus
1403 1671 1438 1711 ar
1451 1654 1562 1711 Barnun
1575 1654 1606 1712 S.
1619 1654 1655 1711 li.
1667 1652 1702 1712 tt.
1718 1670 1793 1726 pres·

178 1749 263 1820 bptsro
274 1749 412 1819 cardinali,
425 1747 618 1823 archiepiscopo
629 1747 764 1814 Toletano,
780 1747 969 1820 Hispaniarum
984 1749 1101 1822 primati,
1114 1749 1273 1805 cancellario
1286 1749 1382 1823 majori
1392 1747 1523 1815 Castalia,
1535 1745 1658 1820 proeclari
1667 1748 1733 1820 repii
1746 1762 1797 1802 or·

178 1842 242 1896 dinis
257 1839 396 1915 llispanici
410 1840 499 1898 Caroli
514 1839 564 1896 ill
568 1883 575 1909 ,
592 1858 688 1914 mopna
700 1857 776 1896 cruce
788 1841 930 1913 insipnita,
944 1851 1008 1908 etc„
1023 1840 1174 1899 Fausrtuos
1188 1844 1343 1898 lutatus.

142 1972 146 1977 -
181 1933 235 1991 litui
245 1936 343 2008 optime
354 1935 484 2009 intellipo,
494 1937 700 1992 ernineutissime
713 1936 846 2009 princeps,
860 1951 919 1990 euos
934 1945 958 1991 te
973 1951 1038 2003 esse,
1055 1936 1100 2008 qui
1111 1935 1259 1991 studiorum
1273 1951 1400 2002 oscorum,
1411 1934 1535 2006 quidone
1549 1941 1622 1999 sunt,
1637 1933 1799 2003 qualiacum-

149 2036 268 2100 mesum,
284 2027 409 2083 rationem
421 2046 437 2083 a
448 2045 489 2084 mc
502 2045 582 2102 prope
597 2030 659 2102 jure
679 2037 724 2083 too
743 2038 857 2102 rcpctcre
870 2030 965 2102 possis,
982 2046 1089 2100 meoque
1105 2030 1193 2085 omniu
1206 2029 1253 2085 tibi
1271 2028 1369 2099 deberi,
1386 2038 1482 2098 tamen,
1502 2027 1622 2085 liberent
1641 2028 1741 2101 topuar,
1755 2029 1799 2084 uic

150 2136 210 2174 nuuc
221 2119 324 2191 quidem
335 2120 484 2175 inducerem
497 2121 625 2189 animum,
639 2112 668 2176 ui
678 2122 714 2176 ad
724 2129 759 2187 tc,
772 2123 823 2175 ista
835 2121 964 2195 dipnitate
975 2121 1072 2187 uirum,
1084 2130 1122 2176 tot
1136 2122 1217 2188 curis,
1233 2129 1270 2175 tot
1285 2121 1434 2176 muneribus
1449 2119 1610 2188 districtum,
1624 2119 1735 2175 alterum
1748 2118 1800 2176 boc

149 2213 258 2269 iubarum
270 2231 386 2271 meorum
397 2217 425 2270 in
438 2213 601 2271 conterinum
611 2225 701 2290 poetas
713 2216 842 2289 specimen
854 2219 993 2285 mitterem,
1006 2218 1058 2272 nisi
1069 2218 1106 2272 ita
1119 2215 1225 2284 crebris,
1241 2233 1272 2270 oc
1286 2218 1388 2289 ntapnis
1402 2233 1419 2271 a
1433 2226 1468 2284 tc,
1481 2213 1694 2272 lucubrationum
1705 2215 1800 2289 lustjus·

149 2307 241 2362 arcodi
253 2323 370 2363 meorum
382 2308 497 2378 nomine,
513 2309 662 2365 cumulatus
682 2309 813 2380 beneficiis
830 2326 922 2379 casem,
945 2319 973 2364 ut
994 2310 1073 2381 facile
1083 2310 1198 2381 credatu,
1214 2318 1238 2366 te
1253 2309 1393 2366 Sedulium
1414 2325 1514 2375 meusne,
1530 2324 1607 2381 quem
1622 2310 1749 2367 rcumeuti
1773 2316 1799 2366 el

149 2399 267 2455 ruiniaco
280 2400 369 2454 animo
380 2417 448 2455 nunc
462 2400 554 2468 offero,
570 2400 682 2473 bcnipao
693 2408 717 2455 et
727 2399 833 2474 placicio
845 2400 918 2456 uultu
928 2410 1118 2474 suscepturum.
1172 2436 1175 2440 -

182 2490 270 2564 Atpue,
279 2498 309 2545 ut
318 2491 373 2547 alia
382 2490 432 2547 lcoc
444 2492 502 2547 loco
515 2501 766 2562 preteream,unum
775 2491 853 2547 modo
866 2504 1070 2546 concnecmorore
1082 2491 1146 2546 anilii
1158 2491 1235 2547 liceat
1249 2507 1259 2546 :
1272 2490 1342 2563 quod
1353 2500 1438 2547 tamen
1451 2507 1502 2546 riou
1516 2491 1552 2545 od
1566 2490 1648 2547 ullam
1660 2491 1799 2558 doctrina,

150 2590 189 2635 aut
199 2580 292 2653 inperii
304 2583 355 2636 mei
369 2583 618 2639 commendationem
627 2583 725 2638 dictum
736 2584 818 2638 uideri
831 2583 919 2650 uelim,
931 2599 990 2654 qua
1003 2599 1082 2656 paam
1092 2584 1144 2640 sint
1157 2584 1262 2655 euipua,
1276 2586 1377 2653 sentio,·
1388 2584 1434 2640 sed
1443 2583 1479 2640 od
1490 2593 1542 2640 ture
1552 2586 1630 2640 unius
1643 2585 1800 2657 sinpuloris,

151 2683 222 2746 stoue
234 2674 392 2733 incredibilis
410 2676 534 2732 aduersus
548 2675 706 2732 Claristionoe
719 2677 875 2732 litteratura
884 2676 996 2732 cultores
1011 2677 1201 2750 propensionis,
1216 2685 1241 2733 et
1256 2677 1430 2748 beneficentiae
1441 2678 1664 2752 pradicationem.
1679 2679 1798 2735 Comme-

151 2782 255 2837 morore,
269 2769 387 2840 inpnnn,
403 2768 452 2824 boc
470 2785 551 2824 uuum
565 2768 630 2826 mibi
645 2770 733 2838 liceat,
749 2767 862 2825 uoluisse
877 2778 911 2832 te,
925 2770 1128 2842 interimepines
1143 2770 1255 2826 uirorum
1274 2769 1396 2826 doctrina
1413 2771 1566 2842 illustrium,
1580 2773 1675 2844 quain
1694 2772 1801 2846 publica

152 2860 253 2916 marum
267 2872 372 2917 tuarum
384 2862 481 2918 tedium
495 2861 760 2934 archiepiscopalium
773 2859 928 2917 bibliotlteca
943 2862 1074 2925 uisuntur,
1097 2877 1181 2917 meam
1203 2878 1306 2934 qaoque
1326 2863 1486 2935 imapiuem,
1500 2880 1517 2917 a
1532 2862 1631 2935 pictore
1654 2864 1681 2918 iu
1706 2865 1799 2935 prinus

151 2954 217 3011 claro
231 2954 416 3014 Bmcacenturo
429 2956 525 3014 Salesa
535 2957 569 3012 ad
581 2957 667 3011 uirum
679 2972 841 3028 expressam,
857 2954 991 3011 collocari.
1013 3012 1018 3017 ,

186 3051 273 3108 (trem
286 3051 452 3124 praclarum,
467 3053 502 3108 ad
515 3069 594 3125 quom
607 3067 760 3123 numquam,
776 3069 836 3108 uere
849 3061 877 3107 ut
892 3053 996 3122 loquar,
1011 3069 1044 3108 ne
1057 3053 1190 3108 somnians
1201 3051 1304 3125 quidem
1314 3051 1489 3121 aspiromcml
1504 3049 1527 3106 0
1540 3051 1664 3107 eximiam
1678 3058 1760 3120 tuane,
1771 3060 1801 3109 ul

152 3142 216 3214 disi,
229 3147 353 3204 aduersus
366 3146 525 3204 Ciristiame
535 3148 691 3203 litteratura
705 3138 836 3205 studiosos
848 3149 1058 3221 propensionem,
1072 3159 1098 3204 et
1113 3148 1333 3204 benevolentiam!
1346 3144 1389 3202 Eu
1405 3148 1497 3222 ipitur,
1513 3144 1710 3203 clementissime
1727 3148 1800 3218 prin·

152 3254 216 3311 ceps,
226 3257 318 3297 norum
329 3244 398 3297 bunc
411 3257 496 3297 meum
508 3248 629 3296 conatum
640 3242 667 3296 iu
678 3257 709 3296 ea
719 3242 817 3308 studia,
832 3257 890 3314 qua
902 3250 1036 3314 tantopere
1049 3259 1134 3310 amas,
1148 3242 1223 3310 colis,
1239 3258 1382 3314 promoves.

186 3334 304 3404 mmsis
316 3345 413 3406 autem,
435 3344 463 3392 ut
481 3334 597 3391 luoeaco
612 3336 778 3402 imitatorem,
793 3353 825 3391 ac
837 3337 994 3411 discipulum
1006 3353 1084 3392 sunm
1097 3339 1125 3393 in
1140 3339 1312 3394 socrosoactir
1325 3335 1477 3411 Erumpeliis
1494 3338 1610 3394 carmine
1628 3338 1803 3411 explanandis

152 3429 298 3503 adjuapom,
310 3429 449 3489 Sedulium
462 3447 531 3486 nunc
545 3430 632 3499 potius
645 3430 734 3499 edaces,
748 3447 826 3502 quam
848 3447 929 3486 unum
948 3431 1061 3500 aliquem
1074 3447 1106 3487 eu
1119 3432 1235 3500 anitiquis
1258 3430 1385 3500 Hispanis
1411 3431 1545 3497 Patribus,
1567 3440 1653 3488 tomen
1669 3446 1721 3487 non
1734 3432 1773 3486 ita
1785 3448 1804 3487 a

152 3525 230 3595 priori
241 3526 286 3583 illo
298 3542 354 3583 meo
369 3526 488 3583 instituto
500 3529 605 3595 recessi,
621 3537 649 3583 ut
665 3530 771 3583 conscilii
786 3527 910 3596 Romani,
924 3529 1004 3601 quod,
1027 3527 1144 3584 Damaso
1158 3530 1291 3603 pontifice,
1307 3528 1423 3584 bobitum
1434 3529 1484 3601 tuit
1498 3530 1530 3583 de
1541 3528 1740 3601 scripturorum
1759 3529 1803 3583 di·

152 3617 266 3675 murrum
277 3637 377 3678 canam
388 3621 581 3690 cotrstituenda,
595 3638 628 3678 ec
646 3620 780 3677 Vaticanis
795 3622 969 3677 monumentis
982 3623 1050 3677 inter
1063 3622 1221 3695 appendices
1235 3621 1387 3677 illustrandi
1403 3623 1564 3679 occasionem
1578 3620 1692 3678 oblatam
1711 3619 1803 3679 libenti

153 3710 235 3766 urimo
248 3729 298 3768 uon
310 3713 478 3783 arripuerim.

154 3842 157 3851 .
188 3800 274 3874 Nepse
288 3807 392 3878 mojora
409 3806 437 3861 in
458 3804 583 3861 Ecclesia
598 3803 726 3874 llispana
738 3805 827 3870 decus,
841 3807 865 3859 si
886 3805 969 3859 uitam
983 3804 1064 3874 beas,
1078 3816 1102 3861 et
1114 3806 1181 3861 uires
1194 3806 1351 3880 suppeditet,
1366 3807 1473 3879 appredi
1487 3807 1620 3876 desistam,
1634 3817 1677 3863 tuo
1690 3808 1803 3866 unanime

154 3910 297 3963 marcatus
309 3897 438 3972 exemplo,
448 3899 494 3971 qui
507 3897 738 3954 innumerabilibus
752 3897 822 3952 curis
833 3894 1001 3968 amplissimos
1014 3905 1066 3953 tua
1077 3898 1225 3966 dioceseos,
1240 3896 1349 3968 aliisque
1359 3898 1480 3972 repotiis,
1493 3914 1552 3970 qum
1564 3897 1691 3972 peculiari
1700 3901 1803 3955 ratione

155 3990 185 4044 sb
194 3994 286 4061 optimo
299 4003 324 4049 et
337 3992 541 4068 prudentissimo
566 4008 625 4064 repe
636 3991 730 4047 Carula
750 3989 794 4045 tv
808 3990 854 4045 tibi
868 3990 1005 4047 commissa
1017 3990 1147 4065 sinpntnri
1159 3992 1289 4065 sapientia
1300 3991 1401 4065 exples,
1417 3991 1507 4047 studia
1521 3994 1599 4048 etiam
1614 3994 1741 4061 sacra,'et
1755 3992 1797 4047 lu·

155 4083 226 4141 bores
240 4088 312 4143 addis
325 4086 455 4161 palestra
468 4087 614 4156 littoraria,
630 4087 657 4140 in
670 4102 721 4153 pua
737 4084 909 4139 immortalem
922 4084 1033 4140 rtonrinis
1052 4085 1163 4156 ploriam
1181 4095 1205 4141 et
1217 4086 1306 4141 multis
1321 4086 1427 4160 jamdiu
1441 4085 1574 4152 preclaris
1591 4084 1711 4157 operibus
1723 4085 1800 4141 editis

153 4184 353 4253 composuerim
368 4199 451 4254 nuper
463 4183 536 4269 tertio
551 4179 682 4236 columine
697 4178 809 4235 Patruus
819 4178 1005 4237 Toletanorum
1019 4182 1047 4237 in
1060 4179 1191 4253 publicam
1207 4180 1299 4250 lucem,
1315 4192 1338 4235 et
1352 4179 1491 4237 utilitatem
1501 4182 1594 4237 emisso
1604 4180 1699 4236 mirum
1709 4181 1736 4236 in
1745 4196 1803 4238 mo-

152 4270 215 4328 dum
227 4277 327 4333 moirti.

149 4378 162 4413 ἰ
189 4364 320 4425 Enimuero
333 4383 413 4440 oreque
427 4368 551 4422 immensa
566 4367 616 4421 ista
630 4375 675 4421 taa
693 4366 721 4421 iu
746 4363 911 4420 sublevandis
936 4364 1069 4420 bantinum
1090 4362 1213 4419 arumnis
1241 4361 1432 4430 munificentia,
1461 4376 1544 4433 nepae
1564 4362 1637 4417 noris
1656 4360 1804 4434 impensibus

147 4462 301 4531 umbus,
315 4474 339 4518 et
349 4460 473 4516 subsidiis
490 4461 525 4515 ad
539 4460 742 4530 promovendum
753 4474 802 4531 pro
816 4458 914 4529 putria,
928 4468 953 4514 et
967 4457 1094 4528 relipiane
1110 4466 1259 4529 susceptum
1273 4455 1369 4511 bellum
1379 4455 1589 4523 subministratis,
1605 4454 1743 4511 deterritus
1763 4473 1803 4524 es,

144 4562 282 4625 venium
292 4559 339 4612 bac
350 4561 428 4612 ettam
441 4557 469 4611 in
482 4565 556 4627 porte
572 4554 682 4619 publica
694 4552 803 4609 utilitati
815 4552 986 4626 prospiceres.
1003 4549 1106 4624 Quippe
1118 4550 1342 4623 persuasissimum
1361 4548 1407 4604 tibi
1423 4558 1471 4614 est,
1489 4558 1516 4603 ut
1533 4547 1568 4602 od
1578 4547 1674 4617 impios
1686 4545 1804 4604 bomiucs

145 4648 638 4724 debdlundcs,quiarmacontra1‘ura
651 4650 740 4705 omma
751 4651 851 4717 diuina,
866 4659 891 4705 et
904 4649 1019 4705 bumana
1040 4657 1214 4722 sumpserunt,
1233 4645 1378 4702 necessaria
1391 4653 1450 4699 sunt
1464 4658 1548 4710 arnis,
1561 4643 1600 4697 ito
1613 4642 1648 4697 od
1662 4642 1805 4716 impietatis

140 4746 248 4803 mina
258 4749 358 4820 penitus
369 4745 511 4814 euellenda,
525 4761 585 4816 quoe
599 4744 693 4815 ubique
707 4753 845 4813 tetrorum,
864 4760 916 4799 non
931 4744 1000 4805 dico.
1015 4747 1090 4816 jacta
1103 4751 1175 4810 sunt,
1190 4742 1236 4796 sed
1248 4740 1390 4796 insolenter
1404 4737 1551 4805 luxuriant,
1570 4736 1723 4811 aucupelica·
1741 4736 1806 4811 lepis

140 4836 311 4910 documenta,
322 4858 355 4899 eo
365 4856 410 4897 ore
420 4841 583 4912 potissimum
596 4849 709 4895 ueterum
724 4841 908 4913 mapistrorum
920 4840 1049 4912 suposita,
1062 4837 1157 4908 passim
1172 4853 1226 4892 esse
1238 4852 1290 4891 non
1310 4837 1397 4891 solum
1413 4830 1556 4903 otlereuda,
1574 4833 1620 4889 sed
1633 4832 1711 4890 ctiam
1723 4830 1808 4888 incul-

126 4931 244 4988 endo.

190 5021 392 5082 Prudentissime
405 5040 464 5079 uero
478 5040 496 5077 o
508 5033 533 5079 te
544 5023 642 5094 lactum
654 5034 702 5090 cst,
726 5024 796 5096 quod
817 5019 1009 5092 antiquioribus
1029 5019 1091 5074 aliis
1103 5015 1239 5073 Toletanis
1251 5015 1376 5073 Patribus
1397 5015 1556 5073 liudericum
1569 5014 1738 5082 limonium,
1753 5027 1805 5067 sac·

106 5113 206 5166 euti
221 5130 265 5172 stru
272 5118 436 5190 scriptorem,
447 5116 616 5189 conjunxeris
632 5132 641 5172 ε
656 5115 732 5185 cuius
743 5114 803 5183 oiri,
816 5110 956 5169 sanctitate
966 5112 1028 5167 nitee'
1037 5126 1110 5183 acque
1124 5125 1155 5164 ac
1166 5109 1287 5164 doctriua
1298 5109 1420 5183 insipnis,
1434 5109 1620 5163 intercateras
1629 5102 1808 5162 uirtutesreli·

94 5205 252 5273 Sim
271 5228 329 5284 erpa
341 5209 429 5267 sedem
441 5208 614 5283 apostolicum
636 5208 783 5265 Rauranum
798 5205 1018 5275 obsequiumlicet
1034 5204 1163 5260 admirari
1175 5220 1186 5259 .·
1198 5203 1269 5274 quod
1282 5202 1328 5258 tibi
1346 5201 1492 5273 erurrplum
1503 5199 1660 5255 imitandum
1678 5196 1806 5271 quodam·

109 5298 231 5356 Μ
241 5305 399 5375 paramum
412 5305 505 5377 samse,
521 5319 553 5359 ec
563 5303 597 5358 iis
613 5301 707 5358 litteris
720 5301 828 5375 collipc,
843 5317 909 5371 quas
922 5309 974 5355 tute
985 5299 1085 5370 pariter
1096 5311 1158 5368 erpo
1175 5296 1292 5351 eamdem
1308 5300 1421 5368 primam
1434 5292 1522 5347 sedem
1543 5290 1615 5348 Petri
1637 5290 1808 5348 permotionis

138 5387 239 5462 Qec,
253 5408 276 5453 et
286 5396 390 5454 obsides
402 5398 438 5450 ad
451 5394 506 5453 88.
519 5393 555 5450 tt.
571 5394 608 5449 ti.
625 5393 704 5449 Pium
721 5391 761 5449 tt
774 5391 855 5448 Pont.
868 5390 944 5448 blau.
956 5391 1094 5447 mittendas
1107 5390 1216 5445 curasti.

191 5481 260 5550 Quos
272 5491 353 5565 ipitur
366 5487 431 5544 niti
444 5489 549 5544 animos
560 5487 653 5552 addes,
667 5484 870 5541 eminentissime
883 5485 1013 5556 princeps,
1029 5481 1053 5538 si
1066 5498 1118 5537 nto.
1129 5496 1160 5535 ae
1172 5495 1243 5535 nicos
1252 5477 1529 5533 commentatiunculas
1541 5475 1610 5531 tueri
1624 5474 1736 5549 perpas!
1749 5473 1807 5531 Ne·

137 5580 203 5633 ⁴¹0
215 5595 240 5640 te
250 5586 370 5657 pluribus
381 5583 510 5640 dminebo
521 5582 588 5639 :sed
598 5579 682 5636 uerbis
691 5588 792 5636 tortum
803 5578 907 5637 Sedulii
923 5594 956 5634 ec
970 5576 1080 5652 epistola
1091 5573 1254 5631 dedicatoria
1262 5573 1348 5646 operis
1364 5569 1502 5627 Paselcolis
1517 5570 1552 5624 od
1568 5568 1754 5626 llmedonium
1768 5586 1811 5627 rs·

132 5667 251 5743 ruitis,
263 5676 421 5749 sepiatur
434 5691 444 5731 .·
458 5673 533 5733 Fusa
548 5673 678 5745 primum,
694 5682 724 5730 nt
737 5671 787 5730 otii
796 5671 918 5739 luseum,
929 5679 958 5729 ct
967 5671 1089 5729 omnious
1099 5667 1239 5727 mentibus
1248 5668 1386 5726 mittentis
1396 5681 1427 5726 aa
1440 5666 1563 5739 probans
1574 5665 1808 5741 jupiteruuctori·

134 5752 223 5821 Μὴ
232 5766 365 5826 muudus.
802 5788 808 5795 ·
