4150 6167
156 195 209 257 lbi

154 406 294 462 Berbarus
307 413 350 461 est
365 403 469 476 Lydus,
481 419 578 463 serrtrs
590 406 669 476 Geta,
686 406 820 465 lentinuus
853 408 955 481 Phryx.

155 495 279 552 Fallaces
294 494 430 566 Ligures:
447 496 523 553 nullo
536 497 605 553 situs
618 497 646 553 in
661 499 750 567 pretio
892 499 956 556 Gar.

155 586 265 645 Vellera
274 587 396 659 depectit
411 589 562 645 nemoralia
576 589 720 647 vestifluus
894 594 956 651 Ser.

154 681 225 740 Nota
236 683 264 739 iu
279 682 413 753 portentis
427 682 558 740 Tlrebana
573 683 774 756 tricorporibus
838 685 955 758 Splrlrrr.

153 775 222 834 ttota
238 781 267 832 et
281 789 430 847 partorum
445 775 523 831 cunis
539 775 673 835 muliebre
685 791 767 834 sectts
870 776 956 834 Strir.

428 890 466 946 ne
485 906 543 947 nere
562 890 658 964 primo.

189 1005 287 1064 brunus
298 1005 333 1066 ab
345 1015 442 1063 exortu
457 1019 519 1063 cum
534 1005 694 1080 lloriparnm
709 1018 817 1065 reserat

108 1123 113 1131 ·
155 1099 261 1156 Cuncta
277 1099 369 1171 rigcut
381 1117 388 1155 r
402 1113 499 1156 nemus
512 1113 594 1156 omne
608 1099 698 1159 niret:
713 1102 782 1157 nitet
796 1100 871 1157 auri·

737 1194 856 1267 [comum
895 1211 954 1254 rus.

155 1285 192 1341 lit
207 1283 299 1342 lusura
315 1284 427 1342 umbras
440 1284 573 1343 radicitus
585 1285 703 1359 erigitur
858 1289 952 1360 stirps.

150 1379 212 1436 Non
225 1380 311 1444 denso
325 1380 361 1440 ad
374 1388 475 1460 terrant
489 1381 566 1452 lapsu
578 1380 730 1453 glomerata
742 1380 803 1464 iltuit
894 1381 953 1442 nir.

150 1474 264 1530 Floram
278 1473 364 1546 spirat
377 1473 457 1541 odor,
472 1474 569 1536 Libani
584 1489 635 1536 rou
649 1475 751 1534 montis
764 1477 852 1536 tranor
880 1477 954 1538 rbus.

281 1564 334 1626 rer
347 1566 577 1639 interversionem
588 1576 612 1626 et
625 1568 827 1638 responsionem.

151 1657 219 1726 Quis
232 1658 307 1722 subit
318 1659 345 1724 in
365 1673 473 1731 poenam
484 1658 594 1730 capitali
607 1659 734 1731 judicio?
894 1674 953 1718 ras.

149 1752 221 1820 Quid
237 1753 259 1807 si
275 1753 309 1809 lts
326 1751 410 1812 instit
423 1754 587 1823 nummaria,
603 1753 805 1826 quisdabitnrl
868 1767 952 1824 pres.

149 1844 221 1913 Quis
233 1843 390 1902 llirmilloui
406 1845 602 1908 contenditur?
615 1846 787 1918 aequimanus
849 1846 952 1913 ihrer.

149 1935 225 1993 luter
239 1936 357 1995 rirtutes
367 1937 441 2010 qnod
455 1953 556 2001 nemen
569 1939 725 2002 tiercurioi
898 1939 953 2002 latr.

150 2028 313 2098 Thurihula,
328 2038 356 2087 et
370 2041 483 2103 patere.
499 2047 561 2102 tun
576 2032 656 2090 tertia
671 2046 735 2090 rasa
750 2031 855 2092 denml.
878 2032 952 2092 lans.

149 2123 244 2180 cincta
258 2125 328 2181 mari
341 2140 465 2197 qaenam
477 2125 559 2186 telius
572 2135 647 2188 erent
658 2125 868 2197 tltppoomtemt
887 2125 952 2184 Cos.

152 2216 228 2274 Grex
244 2218 342 2287 magis,
357 2232 392 2274 tn
406 2232 522 2291 regnum
537 2217 657 2282 llinoida
672 2216 821 2278 sollicitati
874 2232 951 2289 gres.

149 2308 224 2378 Quid
240 2318 339 2381 praeter
353 2311 455 2372 nubem
467 2311 628 2374 Pneueibus
639 2311 813 2383 impositum?
862 2326 951 2374 mans.

149 2399 209 2469 liic,
222 2410 350 2459 cessante
365 2401 438 2468 cibo,
456 2416 556 2464 somno
571 2404 633 2475 quis
648 2404 766 2476 opimior
781 2403 841 2462 estl
886 2402 952 2475 glis·

149 2491 273 2564 'lergora
285 2492 330 2552 dio
340 2493 445 2566 clypeis
461 2495 642 2554 aeconrmoda
657 2510 719 2570 quar
733 2494 832 2567 iaciat?
879 2493 952 2566 gius.

150 2583 255 2657 Sponte
268 2585 382 2642 ablativi
394 2601 474 2648 casus
488 2587 550 2664 quis
565 2587 741 2648 recluserit?
855 2601 952 2659 spons.

149 2674 313 2747 Quadrupes
325 2678 465 2734 oscinibus
478 2679 540 2750 quis
552 2680 675 2754 jungitur
688 2679 834 2750 auspiciis?
879 2694 951 2740 mus.

149 2768 220 2836 Quid
233 2771 322 2827 lluitat
334 2773 444 2845 pelago,
460 2773 534 2845 quod
550 2790 607 2830 nun
621 2782 698 2831 natat
712 2774 740 2830 in
756 2773 857 2831 ssutioi
894 2774 951 2846 pir.

146 2850 282 2918 bissenas
296 2872 387 2934 partes
402 2863 463 2936 qais
476 2863 599 2921 eontinet
612 2865 784 2938 aequipares?
910 2880 950 2926 as.

148 2953 242 3011 Tertia
253 2945 370 3011 deinerit
384 2954 409 3011 si
422 2957 523 3027 portio,
539 2957 612 3029 quod
627 2956 784 3029 reliqnnmi
891 2957 951 3015 bes.

896 1024 954 1080 vcr,

239 3069 281 3124 De
295 3069 387 3126 iitteris
399 3070 583 3143 mortospilaiis
595 3070 694 3128 Grecis
705 3087 735 3128 ac
749 3069 861 3132 Latitris.

147 3185 210 3241 Dux
224 3185 423 3246 clementorum
438 3187 537 3248 studiis
550 3188 623 3258 riget
633 3188 662 3248 in
674 3187 760 3248 Latiis
918 3201 950 3249 ι.

147 3278 185 3335 lit
195 3294 323 3351 suprema
339 3281 412 3340 notis
421 3280 590 3340 adscribitur
604 3282 740 3355 Argolicis
868 3307 872 3316 ⁴
918 3297 950 3341 u.

148 3370 885 3446 lltaquodAEoliduur,quodqner,raleoiroclatisre
920 3387 950 3432 u.

146 3465 269 3536 Praesto,
285 3467 359 3539 qnod
372 3468 394 3526 ll
409 3469 518 3526 Latium
534 3485 644 3543 sempor
657 3455 751 3539 breve,
768 3471 864 3528 {lorica

820 3568 884 3641 lens
920 3580 949 3626 ts.

147 3654 207 3712 lloc
223 3656 304 3714 tereti
319 3667 473 3732 arguteque
485 3675 555 3717 sono
569 3670 650 3733 negat
665 3661 756 3717 Attica
768 3659 838 3732 garis
918 3673 950 3718 o.

145 3762 169 3805 n
183 3749 257 3819 qnod
271 3757 331 3808 eto
346 3751 471 3809 Graecum
482 3762 644 3825 compensat
655 3753 772 3812 iiornuia
786 3769 839 3809 ros
916 3753 949 3809 tt.

145 3839 253 3898 Littera
268 3858 329 3899 sum
344 3843 409 3900 lone
422 3845 532 3920 similis,
549 3861 601 3912 tex
618 3847 698 3922 plene
711 3848 822 3918 jubens,

145 3934 292 4008 Cecropiis
308 3936 398 4008 ignota
414 3941 485 3994 notis
501 3938 586 3995 lerale
600 3954 705 3996 sonans
915 3939 950 3998 U.

146 4027 314 4100 Pytbagorm
329 4030 430 4086 binium
445 4032 530 4087 ramis
546 4041 627 4104 pateo
638 4030 774 4104 ambiguis
918 4030 951 4087 t.

148 4119 271 4176 tacitus
285 4121 312 4176 in
328 4121 416 4178 Graiis
430 4138 578 4195 numnquam
593 4124 688 4180 ultima
703 4124 859 4197 conspicior

146 4213 215 4271 Zeta
225 4213 334 4285 jacens,
348 4216 369 4271 si
381 4227 486 4288 surgat,
501 4217 554 4274 erit
567 4226 640 4284 nota,
658 4233 719 4292 qnae
733 4217 834 4290 legitur
920 4232 951 4282 n.

146 4305 332 4376 ueratrum,
349 4307 489 4381 flexusque
506 4324 592 4382 uagos
607 4310 712 4366 imitata
724 4325 809 4384 vagor

147 4396 295 4454 Diriduum
311 4399 383 4455 Betae
399 4401 608 4474 rurorrusyllabon
624 4401 748 4458 ltalicnm

146 4487 209 4547 Non
220 4491 348 4561 lormam,
363 4505 500 4552 atrocem
518 4495 603 4552 Deltae
617 4511 683 4567 gcro
697 4495 862 4562 Romuleum

145 4584 266 4643 llostilis
276 4602 337 4658 qnae
349 4585 436 4643 iornra
450 4587 505 4668 jugi
522 4596 575 4658 cst,
588 4589 658 4645 itane
669 4588 770 4647 eiiciet
919 4601 951 4662 112

144 4680 302 4737 Ausonium
314 4682 338 4738 si
357 4682 378 4738 P
396 4685 513 4758 scribas,
532 4701 580 4743 ero
593 4685 757 4759 Cecropium
923 4702 951 4746 r.

144 4771 185 4828 Et
195 4768 259 4829 Ritu
269 4775 340 4845 qnod
353 4776 491 4850 Graecum,
508 4780 657 4838 mutabitur
670 4784 698 4837 iu
710 4780 817 4846 Latium
923 4794 951 4838 r.

144 4864 238 4922 natus
251 4877 281 4923 ιιι
292 4877 448 4928 antemnam
463 4872 518 4930 lert
531 4874 646 4940 vertice,
662 4873 701 4942 sic
717 4888 768 4942 ego
781 4889 842 4930 surn
917 4881 951 4934 Τ.

144 4958 272 5031 Spiritus
287 4960 342 5035 bic,
358 4964 424 5021 llatu
438 4967 597 5024 tenuissima
611 4965 750 5023 ulridcans
915 4965 950 5022 ll.

142 5049 217 5108 llaec
231 5052 318 5110 tribus
333 5055 361 5112 in
375 5045 456 5114 Latlo
470 5067 575 5117 tantum
589 5058 684 5116 addita
698 5058 855 5116 nominibus
917 5058 951 5123 ll,

899 197 1052 260 lnrlLtt.

153 310 252 370 Intulit
263 305 398 370 incestam
416 310 465 367 tibi
478 311 534 367 tlrn
548 310 698 369 Philomela
713 313 789 370 lorus
850 314 954 373 Tlrrsx.
969 315 998 377 A

1707 237 1710 242 ’
1757 213 1810 277 idi

1268 317 1551 379 Grammaticomnstia.

1048 430 1249 505 Elogodaedalia
1262 434 1361 491 strides
1375 436 1457 492 modo
1472 439 1517 508 qni
1532 439 1646 497 nimium
1735 451 1808 514 trtrr,

1012 525 1121 583 Frivola
1135 528 1321 592 condemnas?
1336 547 1509 604 nequaquam
1522 552 1527 586 :
1542 549 1603 594 curn
1618 536 1706 608 pretio

1629 626 1682 700 [est
1718 646 1808 700 mers,

1012 710 1116 769 Ennius
1129 721 1159 768 nt
1172 726 1321 785 memorat,
1337 717 1426 789 replet
1442 729 1468 774 te
1482 717 1620 777 letiilcum
1745 741 1809 796 gan.

1010 803 1105 860 Lirida
1120 820 1198 862 mens
1212 807 1353 864 bominum
1369 820 1527 867 concretum
1542 811 1606 869 felle
1621 827 1719 888 eoquat
1747 834 1808 892 pus.

1011 895 1072 968 liic,
1089 897 1155 970 quid
1170 898 1325 969 significent
1339 901 1471 958 catalecta
1487 901 1624 961 Maronis?
1636 905 1665 964 ln
1680 906 1722 964 itis
1783 911 1809 967 al

1010 988 1149 1046 Celtarum
1165 993 1268 1064 posuit,
1283 995 1407 1067 sequitur
1422 1012 1475 1052 non
1490 995 1608 1054 lucidius
1750 1011 1808 1058 tau.

977 1141 981 1150 ,
1010 1081 1044 1137 Et
1055 1082 1129 1155 qnod
1144 1100 1277 1156 germano
1289 1088 1405 1144 nrixlum
1420 1090 1493 1146 maie
1508 1092 1661 1151 letlriierum
1733 1097 1810 1158 mitri

1008 1171 1167 1250 imperium,
1185 1177 1271 1247 litem,
1286 1179 1433 1251 Venerem,
1450 1198 1499 1238 cnr
1514 1200 1566 1242 urna
1583 1195 1660 1243 notet
1750 1191 1810 1248 resi

999 1263 1087 1323 ,Sitne
1101 1269 1241 1350 peregrini
1254 1286 1306 1327 ror
1321 1273 1451 1344 norrrinis,
1468 1289 1501 1331 an
1516 1276 1586 1332 Latii
1763 1282 1810 1344 iri?

1007 1358 1149 1418 Lintribus
1162 1362 1188 1419 iu
1202 1365 1319 1435 geminis
1327 1375 1483 1424 constratus
1497 1379 1580 1442 ponto
1591 1371 1638 1444 sit,
1648 1387 1682 1438 ap
1724 1376 1810 1446 pons?

1006 1450 1137 1509 Bucolico
1152 1469 1231 1525 sepes
1244 1455 1313 1512 dixit
1327 1458 1412 1532 llaro,
1428 1475 1477 1515 cur
1490 1460 1589 1519 Cicero
1728 1466 1810 1536 sepsi

1007 1539 1067 1600 tor
1081 1543 1173 1620 solita,
1190 1554 1218 1602 ct
1231 1549 1338 1604 cunetis
1349 1550 1504 1619 notissima,
1517 1553 1539 1607 si
1554 1569 1699 1621 memores,
1750 1558 1807 1625 lac,

1006 1631 1063 1689 Cur
1076 1635 1278 1694 condemnetur
1291 1640 1372 1708 ratio,
1390 1645 1476 1714 magis
1488 1652 1519 1699 ut
1535 1643 1617 1702 iaciat
1736 1649 1806 1706 lact?

1006 1727 1049 1783 dn
1064 1726 1158 1804 Libyae
1171 1729 1256 1788 ferale
1269 1733 1381 1803 malum,
1395 1735 1432 1791 sit
1446 1736 1560 1793 Romula
1574 1756 1625 1796 ror
1727 1746 1808 1815 sepsi

1006 1819 1035 1875 Si
1050 1818 1195 1890 bonusest
1209 1822 1313 1906 insons,
1328 1827 1493 1897 contrarius,
1509 1840 1536 1884 et
1548 1847 1611 1887 rens
1626 1842 1669 1891 est
1731 1851 1808 1896 sons.

1005 1908 1087 1968 Dives
1101 1927 1183 1988 opum
1199 1928 1248 1970 cur
1263 1931 1363 1973 nomen
1380 1917 1463 1975 babet
1475 1920 1543 1977 lore
1556 1923 1591 1978 de
1603 1924 1698 1998 Stygio
1745 1928 1809 1990 bisi

1005 2000 1085 2060 Unde
1098 2001 1224 2063 Rudinus
1238 2005 1287 2075 nit,
1303 2007 1402 2066 Dirum
1418 2010 1517 2067 domus
1530 2013 1676 2073 altisonum
1738 2021 1809 2077 coell

1005 2091 1041 2149 ttt
1054 2094 1134 2178 cuins
1148 2095 1183 2153 de
1196 2112 1283 2167 more,
1297 2099 1369 2172 quod
1384 2101 1510 2174 adstruit,
1525 2105 1596 2162 endo
1611 2122 1688 2165 suam
1754 2112 1809 2169 dol

1004 2184 1059 2244 Αιιι
1072 2185 1107 2244 de
1120 2185 1220 2246 ironde
1233 2189 1360 2264 loquens,
1377 2208 1426 2249 cur
1442 2193 1508 2251 dicit
1523 2199 1639 2268 populea
1728 2201 1804 2270 irusi

1003 2275 1059 2334 Sed
1072 2293 1126 2350 qne
1143 2281 1320 2354 progredior?
1334 2300 1393 2358 quae
1405 2285 1478 2355 finis,
1490 2290 1550 2360 quis
1564 2290 1661 2348 modus
1673 2301 1701 2348 et
1726 2295 1808 2351 calxl

1002 2368 1127 2458 indulge,
1143 2372 1253 2448 Pacate,
1269 2375 1368 2443 bonus,
1382 2377 1490 2447 doctus,
1504 2379 1593 2437 facilis
1753 2389 1806 2448 vir.
1842 2403 1845 2408 ·

1004 2463 1102 2522 Totum
1118 2480 1187 2542 opus
1202 2465 1255 2524 hoc
1269 2483 1407 2544 sparsum,
1424 2473 1510 2530 crinis
1525 2475 1735 2556 uolutantiplri·

1631 2566 1694 2641 [lae3
1742 2586 1804 2648 pax.

1279 2679 1448 2756 tntpttttrt
1466 2682 1538 2742 xtlt.

1288 2791 1369 2852 Cento
1383 2796 1521 2867 nuptialis.

1200 2905 1337 2965 dosontus
1352 2909 1473 2968 Pnurrno
1487 2915 1611 2972 salntem.

1041 3013 1151 3091 Periepe
1165 3019 1213 3074 irae
1222 3022 1313 3090 etiarn,
1324 3025 1349 3078 si
1358 3039 1444 3095 operte
1458 3035 1506 3096 est,
1521 3029 1655 3102 irioolnnr,
1670 3043 1695 3088 et
1705 3036 1804 3094 nniiitrs

966 3096 1083 3179 Cpretii
1101 3113 1257 3183 opusculum
1272 3133 1279 3169 a
1294 3119 1365 3187 quad
1379 3135 1425 3173 nec
1447 3119 1520 3177 tabor
1533 3127 1649 3197 excudit,
1674 3144 1719 3183 nec
1743 3148 1806 3188 enra
1864 3116 1866 3118 ¹

1002 3201 1102 3258 iintarit
1115 3205 1190 3261 :sine
1209 3207 1308 3279 ingenii
1331 3213 1471 3282 acumine,
1490 3223 1517 3269 ct
1536 3233 1615 3275 marre
1644 3225 1803 3284 nratnrilate.

1002 3294 1142 3354 Centonem
1152 3311 1244 3356 nocant
1258 3305 1303 3371 qai
1313 3305 1391 3377 primi
1404 3305 1454 3361 boe
1466 3311 1665 3371 concinnatione
1677 3314 1805 3375 inserunt.

1002 3390 1079 3456 sata
1090 3396 1221 3456 maeroris
1234 3399 1472 3488 asportamsprrra
1486 3404 1619 3476 caiiipere,
1635 3418 1659 3464 et
1673 3411 1806 3484 inteprare

1002 3481 1142 3540 lacerata:
1156 3486 1226 3555 qnod
1242 3487 1331 3543 ridere
1349 3492 1443 3559 magis,
1470 3510 1550 3563 qnam
1578 3498 1687 3553 tondere
1709 3506 1805 3572 possis.

1002 3574 1058 3631 Pro
1072 3593 1136 3647 qno,
1149 3581 1171 3633 ri
1184 3595 1230 3650 per
1243 3580 1374 3651 sipiilaria
1394 3583 1421 3642 in
1442 3587 1564 3648 auctione
1587 3593 1696 3660 reniret,
1723 3613 1807 3666 neqne

1002 3669 1129 3741 Aprarritts
1143 3673 1325 3743 concideret,
1339 3691 1386 3733 nee
1401 3676 1522 3734 Sticlrarn
1535 3698 1611 3737 snam
1630 3684 1744 3743 Plantas
1762 3695 1805 3761 of·

1003 3765 1091 3835 (erret.
1111 3764 1188 3838 Piqet
1200 3767 1269 3826 enim
1289 3768 1426 3842 virgiliani
1439 3775 1563 3831 carminis
1578 3776 1730 3850 dipnitatem
1749 3793 1804 3838 tam

928 3846 949 3903 Ι.
998 3856 1116 3929 joculari
1130 3859 1311 3918 dehonestasse
1325 3865 1445 3924 materia.
1457 3866 1510 3922 sea
1522 3870 1587 3940 qaid
1598 3872 1731 3941 imment?
1742 3874 1806 3932 Jtts-

1002 3964 1061 4002 snm
1074 3957 1130 4010 erat
1140 3965 1150 4006 .·
1162 3952 1283 4024 qnodque
1291 3963 1327 4010 est
1339 3957 1544 4027 potentissimam
1554 3960 1701 4033 imperandi
1710 3983 1803 4040 pertas,

1003 4042 1123 4114 repedat,
1136 4046 1179 4115 qni
1186 4046 1279 4117 p'rtlrere
1293 4057 1404 4117 poterat,
1419 4051 1517 4108 scilicet
1531 4053 1672 4123 imperator
1689 4057 1807 4116 Valenti·

917 4136 952 4192 rt,
1004 4132 1109 4201 arianas,
1125 4136 1163 4196 sir
1173 4139 1343 4210 meoiudicio
1354 4141 1483 4210 ereditas,
1495 4144 1540 4213 qni
1553 4147 1658 4217 eaptias
1669 4152 1802 4220 qnondam

1003 4229 1134 4300 rimarer·
1150 4228 1212 4285 iudo
1227 4232 1408 4304 descripserat,
1422 4238 1492 4305 aptis
1507 4239 1622 4309 equidem
1637 4244 1763 4312 uersibus,
1776 4257 1801 4302 et

921 4316 951 4380 Ξ.
1004 4322 1187 4388 compositione
1211 4325 1311 4395 [astion.
1330 4325 1453 4396 Experiri
1466 4330 1562 4387 deinde
1574 4332 1662 4390 solens
1676 4348 1804 4407 quantam

923 4414 951 4458 B·
1004 4419 1094 4470 nonna
1112 4415 1274 4472 contentione
1286 4418 1455 4488 precelleret,
1479 4422 1564 4479 sintita
1584 4441 1631 4482 nos
1654 4428 1687 4483 de
1707 4430 1797 4486 eadent

919 4495 950 4562 [i.
966 4486 1161 4558 Drancinnme
1171 4508 1303 4578 precepit.
1318 4509 1403 4578 Quam
1418 4514 1599 4583 scrapnlostnn
1612 4516 1661 4572 doc
1671 4520 1735 4574 nrilri
1748 4523 1807 4593 pne-

1004 4594 1050 4666 rit,
1067 4596 1192 4671 inteilipe.
1211 4598 1302 4672 Neque
1319 4604 1445 4674 anteferri
1457 4607 1584 4676 nolebam,
1599 4626 1679 4683 aeque
1697 4614 1806 4686 postire·

1004 4685 1060 4741 ieri
1075 4705 1084 4742 .·
1097 4706 1156 4744 cnm
1180 4689 1292 4749 aiioram
1314 4711 1416 4765 qnoque
1433 4699 1537 4770 jndicio
1559 4703 1705 4776 detegendo
1736 4721 1804 4767 esset

1004 4783 1121 4841 adolatio
1135 4785 1233 4859 irrepta,
1250 4789 1274 4843 si
1292 4789 1407 4845 cederem
1420 4793 1590 4864 :inpotentia
1613 4798 1636 4851 si
1653 4809 1681 4855 nt
1696 4803 1807 4860 ennoias

1004 4877 1155 4933 eminerem.
1171 4879 1281 4953 Suscepi
1299 4882 1381 4954 igitar
1403 4885 1495 4940 sinrilis
1515 4892 1657 4958 recusanti,
1678 4895 1806 4965 feliciter·

1004 4986 1054 5041 qna
1066 4979 1092 5027 et
1103 4971 1231 5029 oinoaias
1245 4977 1357 5047 qratiam
1372 4980 1455 5047 tenni,
1468 4996 1516 5036 arec
1530 4982 1612 5039 oietor
1626 4983 1734 5054 offendi.
1747 4987 1807 5045 lloc

1005 5062 1109 5118 diesne
1123 5073 1149 5119 et
1159 5065 1250 5121 addita
1264 5067 1444 5127 lucubratione
1455 5085 1632 5146 properatum,
1645 5080 1722 5133 modo
1738 5080 1807 5137 inter

140 5143 303 5203 Praevaluit
316 5157 460 5221 postquam
474 5151 597 5208 (lammae
610 5151 671 5209 rico
684 5152 777 5210 laureta
791 5152 869 5226 prius
916 5151 949 5222 (l,
1004 5156 1225 5214 liturariosmeos
1240 5165 1477 5235 ramrrperissem,
1501 5175 1574 5221 tanta
1594 5168 1659 5224 otini
1682 5172 1806 5229 candmis

138 5238 242 5311 Atque
254 5239 337 5297 aliam
353 5256 405 5313 pro
419 5258 450 5300 re
463 5243 542 5300 titulo
555 5245 686 5316 replicata
698 5244 791 5314 dadlt,
914 5244 949 5313 Q.
1003 5250 1043 5305 tni
1057 5259 1083 5305 et
1100 5253 1196 5306 amoris
1209 5253 1308 5323 fiducia
1318 5263 1367 5322 est,
1386 5265 1412 5311 at
1427 5258 1556 5312 seneritati
1568 5269 1620 5316 tae
1631 5277 1678 5316 nec
1694 5263 1806 5322 edenda

137 5329 236 5388 Arois
249 5331 337 5388 cincta
350 5334 456 5392 dntbtts
469 5336 523 5394 erit
536 5349 598 5394 culn
614 5335 682 5404 luta,
700 5336 775 5410 leges
917 5346 949 5395 Θ.
1003 5343 1190 5401 rttbtraiterent.
1206 5347 1300 5421 Accipe
1320 5349 1401 5420 ipitnr
1421 5352 1578 5422 opusculum
1600 5355 1633 5410 de
1653 5356 1806 5418 inconnexis

136 5422 180 5480 lu
195 5420 275 5479 uarro
289 5439 418 5483 numerus
430 5426 571 5496 denarius,
587 5428 745 5501 Argolicum
918 5440 950 5487 x.
1004 5435 1167 5507 contimtum,
1183 5438 1217 5492 de
1229 5439 1338 5495 dirersis
1353 5457 1446 5510 ararim,
1461 5443 1494 5498 de
1511 5445 1586 5498 seriis
1607 5446 1750 5522 ludicrum,
1773 5453 1807 5507 de

137 5517 215 5577 rtaec
227 5521 304 5592 gruis
317 5520 421 5595 cillgies
433 5523 605 5582 Palamedica
621 5525 769 5596 porrigitur
921 5536 950 5581 n.
1004 5528 1090 5585 alieno
1106 5541 1222 5588 nostram
1236 5550 1289 5589 :ne
1303 5534 1330 5588 in
1345 5537 1428 5591 sacris
1448 5547 1472 5591 et
1487 5537 1596 5609 fatalis,
1613 5551 1658 5597 ant
1673 5541 1808 5616 inponit-

135 5611 242 5684 Cappa
258 5613 295 5670 ini
310 5616 449 5687 quondam
461 5617 579 5688 Boeotia,
594 5634 666 5677 nunc
679 5619 786 5676 Latium
920 5635 948 5677 r.
1005 5637 1067 5678 nom
1085 5624 1198 5696 mireris,
1214 5635 1261 5682 aat
1280 5626 1410 5693 Virtinm,
1428 5627 1505 5684 iilam
1520 5631 1552 5684 de
1571 5629 1710 5705 Dionysio,
1737 5638 1805 5694 none

134 5707 251 5778 Feres,
268 5709 448 5786 tricornigera
461 5713 565 5787 specie,
582 5728 652 5788 pene
663 5713 758 5774 ultima
770 5727 831 5773 sum
917 5724 948 5771 r.
1005 5714 1037 5772 de
1051 5713 1197 5791 Hippotpte
1212 5720 1382 5793 reformatam
1396 5736 1405 5778 .·
1417 5731 1440 5779 et
1463 5722 1486 5779 ri
1509 5723 1617 5796 pateris,
1640 5735 1668 5784 at
1688 5729 1806 5805 docear,
