4150 6167
163 241 220 301 2⁰9

704 208 937 313 ntanceutce
957 255 1132 317 msuuntn
1152 260 1218 318 mn.
1240 260 1273 318 0.

1758 266 1811 325 ilii

235 361 317 437 233
330 362 449 422 Roboris
462 378 649 441 augmentum,
664 371 822 447 frugemque
836 377 1001 441 interne-A
1086 378 1142 437 iilis
1157 394 1208 452 pro
1221 381 1321 438 merito
1331 379 1498 438 clauduntur
1511 382 1615 439 lumina
1631 383 1747 442 mentis.

738 467 794 542 [cat
808 485 922 542 angens.

233 547 369 606 Uberibus
380 565 449 608 7770
460 568 522 626 gnte
532 554 634 614 dantur
646 560 752 618 semina
765 561 863 633 glebis,

235 638 284 696 iila
296 639 391 699 ierunt
401 642 544 716 pulchram
559 658 691 722 segetem,
700 656 745 710 cui
760 654 824 712 iaetu
834 654 962 729 irequeu

888 758 929 807 iet

162 822 216 881 756
233 823 406 885 Incrementa
421 828 463 886 sui
475 841 594 890 0707700
605 836 683 909 copia
699 837 778 895 instit.
876 749 886 822 [

234 916 416 988 burlintltaec,
427 936 508 980 70777
524 928 626 984 meniis
640 931 685 1000 qui
700 941 791 1002 gestat
802 943 922 1006 apertas.

232 1009 310 1067 'ialin
326 1010 455 1085 discipuli
470 1017 603 1075 mirantes
617 1020 702 1089 dicta,
718 1026 873 1095 requirunt,

233 1100 374 1173 implicitis
385 1108 488 1177 populo
500 1123 551 1166 cur
561 1112 704 1171 clauderet
715 1118 808 1173 omnia
820 1119 921 1189 verbis,

233 1192 283 1251 lile
296 1195 356 1263 sed,
371 1196 482 1254 admota
497 1201 657 1260 credettium
671 1204 762 1276 plebe,
776 1207 899 1277 prolatur
913 1229 920 1267 :

159 1284 217 1345 776
234 1284 328 1357 Vobis,
342 1290 389 1362 qui
404 1291 485 1349 lirmo
506 1296 646 1353 robustum
663 1310 775 1370 pectore
788 1313 908 1361 utentem

232 1378 315 1453 m
336 1381 378 1439 ild
402 1385 534 1457 capientia
556 1389 606 1446 [lei
624 1393 775 1462 penetralia
797 1399 960 1456 constabili·

230 1564 399 1629 Concessum
413 1584 457 1631 est
470 1574 561 1649 scytis
574 1579 687 1651 penitus
700 1491 958 1660 consistergtrlzg'ni.

1085 470 1114 529 Si
1130 473 1191 543 quis
1201 472 1284 530 babet
1295 472 1404 545 dignus,
1417 474 1509 544 capiet
1522 473 1631 545 potiora
1646 475 1814 533 redundans.

1013 562 1068 620 765
1086 563 1139 634 Qui
1151 580 1218 622 tero
1232 576 1360 635 expertes
1372 565 1493 621 ccelestis
1507 566 1632 624 muneris
1646 563 1758 636 errani,
1857 597 1863 608 ·

1088 658 1814 729 emittentetnmprnpriumquodcumqueretamum,

1090 750 1197 807 idcirco
1210 749 1334 807 obscuris
1347 757 1478 820 cooperta
1495 749 1667 821 atttbagibus,
1683 750 1760 807 iilum

1087 843 1257 912 Praestringit
1270 842 1401 914 populum
1416 843 1553 898 sermonis
1564 843 1650 914 gratie
1664 845 1749 901 nostrl
1764 889 1771 915 ,

1086 937 1120 996 th
1134 936 1237 993 dictum
1251 935 1329 992 isaiae
1342 936 1438 991 merita
1454 935 1490 991 (le
1502 935 1583 1007 plebe
1597 945 1732 991 recurrat.

1011 1028 1064 1087 776
1084 1030 1123 1086 En
1142 1029 1234 1097 popuii
1250 1037 1357 1083 mentes
1372 1027 1500 1083 uelantur
1513 1027 1547 1082 sd
1561 1027 1653 1084 omnia
1664 1029 1767 1085 crassis

1082 1124 1164 1197 235
1181 1122 1334 1192 objicibus,
1348 1137 1429 1178 sensu
1445 1137 1479 1177 ue
1489 1128 1602 1193 tangant
1614 1136 1728 1178 munere
1737 1122 1814 1180 uitat.

1082 1215 1203 1272 Auribus
1218 1215 1349 1271 assistunt
1362 1213 1472 1276 clausis,
1487 1214 1633 1284 oculisque
1640 1215 1775 1285 gratatis,

1081 1308 1120 1365 lle
1135 1321 1270 1363 conversa
1282 1306 1354 1363 bono
1368 1319 1480 1362 sanctur
1495 1305 1575 1367 notia
1591 1304 1695 1376 plebes.

1079 1401 1166 1470 Quam
1183 1409 1282 1455 7777777
1304 1414 1376 1456 0007
1390 1407 1454 1453 7007
1469 1411 1560 1463 aures,
1581 1397 1706 1465 oculique
1718 1397 1792 1455 beati
1806 1400 1814 1457 l

1009 1496 1063 1552 775
1081 1495 1148 1552 Nam
1164 1492 1242 1549 multi
1256 1501 1366 1548 ueteres
1377 1491 1455 1562 jttsti,
1469 1488 1611 1560 sanctique
1625 1490 1776 1563 propiante,

1081 1587 1148 1657 Quae
1161 1584 1240 1642 uobis
1249 1583 1366 1651 clarent,
1379 1573 1492 1638 orarunt
1503 1595 1618 1639 cernere
1631 1580 1714 1638 (70777.

770 1696 968 1759 Lectiones
987 1699 1198 1760 iililiiiliilis.

193 1776 259 1835 752.
275 1778 351 1849 llas,
378 1786 584 1857 rugentsguod
608 1788 811 1847 emendandum
839 1801 880 1848 est
910 1797 1080 1864 perBrr'um
1108 1795 1182 1866 regui
1209 1792 1342 1849 coeiotuttt.
1371 1789 1580 1858 Tertullianus,
1604 1790 1669 1847 libr.
1685 1791 1720 1848 (77
1736 1793 1812 1852 777·

213 1922 258 2045 ...Ξ
275 1920 369 1988 llum,
383 1923 460 1995 Aio„
477 1927 552 1996 ban,
569 1928 674 2001 Febr„
690 1932 879 2005 danturque:
891 1934 959 2005 aiii,

151 2006 217 2065 quoe
249 2003 339 2049 7777777.

192 2061 256 2119 tet.
268 2062 298 2118 70
314 2064 382 2137 lieg.
397 2076 426 2124 et
439 2067 496 2126 077.
511 2070 631 2141 ridetur,
648 2091 662 2128 n
679 2090 721 2143 pr.
734 2089 772 2129 tu.
785 2116 792 2137 .
805 2076 889 2133 luisse
903 2082 959 2149 fre·

151 2143 291 2207 quatiunt.
301 2136 336 2191 bt
350 2152 450 2194 seusus
463 2143 586 2211 pustulat
600 2147 757 2217 frequentor.
774 2145 802 2202 ln
817 2146 898 2203 Rom.
914 2164 959 2204 sa·

152 2204 959 2277 1770707077[770070700770077770707070777770077007707

152 2278 216 2334 777777
226 2276 594 2346 [renuentium-Incrementa
608 2289 778 2349 nuisement
792 2290 867 2361 eopia
882 2294 956 2363 [77777.

189 2348 257 2405 755.
272 2348 376 2413 Turn..
392 2363 501 2409 centena
512 2370 522 2410 .·
534 2356 594 2428 iege
608 2371 732 2423 centeno,
749 2369 778 2414 ut
793 2371 881 2417 metro
895 2377 959 2417 sen·

153 2420 255 2484 scinne
266 2425 405 2478 mussulae.

187 2491 255 2547 759.
274 2491 353 2548 nom.
367 2506 502 2561 ,70000777
516 2499 666 2555 credentum
677 2498 749 2570 plebe
759 2504 887 2571 prescius.
905 2500 956 2559 Su·

151 2563 256 2632 spicari
271 2565 369 2632 aliquis
383 2570 482 2635 possit,
494 2585 529 2624 an
543 2572 636 2640 legere
649 2581 778 2629 otutriest
790 2584 888 2626 otuotu·
904 2570 957 2628 Po·

151 2643 212 2689 tiea
225 2635 337 2699 00777707
352 2637 423 2694 inter
433 2638 584 2710 discipulus
599 2651 625 2697 et
642 2641 791 2704 0777777070
808 2640 863 2697 7707
877 2658 958 2712 puru-

152 2704 227 2760 bulae
239 2705 300 2762 baec
314 2704 343 2761 flt
362 2706 501 2765 distinctio
516 2728 589 2767 vers.
608 2712 680 2769 iso:
696 2710 828 2780 linctum
841 2714 957 2784 discipu-

151 2775 186 2830 lis
215 2778 334 2848 vicitque
358 2779 414 2835 77777
439 2785 545 2848 iusuper
567 2782 657 2849 antri,
673 2793 699 2838 77
715 2785 816 2838 clarius
837 2786 900 2839 libr.
914 2800 955 2850 ιιι,

152 2861 230 2903 vers·
245 2847 282 2905 77
291 2864 369 2919 seqq.
382 2869 389 2904 z
405 2849 459 2907 iile
472 2853 516 2907 ubi
529 2853 681 2909 credentum
695 2854 783 2909 turios
798 2855 825 2908 iu
837 2856 903 2910 uoiie
914 2874 955 2912 re·

151 2929 225 2972 77077
244 2948 281 2959 -
301 2918 455 2977 Conveniunt
476 2925 591 2979 uidet...
613 2914 744 2994 Discipuli
767 2922 871 2981 Citritto
894 2945 956 2982 tuo·

151 2988 217 3043 dent
228 2990 359 3045 dimittere
373 2995 471 3049 turbet.
488 2995 591 3051 lietera
605 2994 759 3052 lieuscitius
772 2996 837 3065 legit
848 3007 953 3069 omnic,

151 3056 236 3130 idquae
251 3077 288 3116 77
307 3073 399 3118 077077
412 3077 499 3133 pnetae
515 3068 618 3121 rectius
628 3080 690 3122 esse
700 3066 815 3136 judicat.
833 3067 893 3124 llnu
913 3081 953 3124 ta·

150 3144 217 3186 tuen
231 3133 322 3187 ausint
333 3143 439 3191 mutare
452 3136 558 3191 07707077
569 3138 596 3191 in
612 3148 710 3204 omnin,
722 3137 875 3209 praesertim
889 3141 952 3210 quia

149 3281 215 3333 aute
236 3274 340 3329 cadunt
366 3277 393 3332 in
419 3280 526 3347 plebem
541 3278 725 3344 credentum,
740 3280 792 3334 nisi
807 3281 952 3339 credentes

150 3342 282 3400 dicantur
294 3346 311 3399 ii
325 3347 384 3415 007,
397 3364 469 3403 vers.
484 3349 553 3419 itt,
570 3350 682 3405 Auribtu
696 3351 821 3405 assistunt
831 3350 948 3423 cicutis,

150 3412 286 3484 7777777777
295 3418 567 3490 montistenensis
578 3421 676 3493 piebem
688 3430 716 3475 et
726 3422 852 3493 populum
862 3423 896 3479 tle
907 3423 948 3478 di·

1012 1869 1122 1938 script..
1137 1879 1198 1933 cnp.
1217 1861 1350 1919 eezinu
1369 1863 1458 1915 dutum
1473 1871 1510 1916 ett
1530 1877 1682 1930 7090077777
1702 1879 1811 1928 menno,

1031 1937 1177 2010 ttnpcpuio
1198 1934 1341 2005 inteiligere
1360 1948 1413 1988 non
1433 1933 1529 1987 liceret.
1540 1931 1681 2005 Kteuigius
1702 1936 1813 2002 puniert

1011 1956 1103 2065 7707707
1112 2009 1182 2072 uite,
1193 2008 1257 2076 quia
1271 2006 1413 2073 praecessit
1427 2003 1680 2075 consisteremus,
1695 2013 1723 2059 et
1736 2004 1756 2059 1.
1771 2020 1811 2076 tu,

1012 2094 1087 2135 uers.
1103 2076 1168 2145 ite,
1181 2077 1319 2133 iuvencus
1330 2075 1368 2130 ait
1381 2092 1387 2126 :
1403 2073 1434 2129 Si
1447 2089 1589 2143 numquam
1600 2074 1675 2129 terris
1686 2077 1813 2147 tetigisset

1010 2151 1102 2205 iimina
1115 2149 1183 2204 uitoe.
1238 2198 1241 2204 ,
1265 2182 1268 2187 »

1046 2220 1109 2276 767.
1123 2218 1187 2275 liss.
1200 2218 1258 2287 lleg
1273 2260 1281 2282 ,
1295 2216 1394 2281 Rom,
1409 2215 1466 2272 Oti.
1481 2230 1543 2271 cum
1558 2213 1621 2272 illd.
1635 2258 1643 2284 ,
1657 2216 1808 2284 Duretie,
1918 2266 1923 2273 .

1010 2292 1042 2347 Si
1061 2292 1119 2363 quis
1139 2288 1215 2345 bobet
1230 2288 1336 2360 dignus.
1353 2285 1479 2348 77777070..
1495 2288 1597 2357 aliique
1612 2286 1689 2346 editi.
1704 2288 1810 2360 Siquis

1009 2361 1084 2417 770777
1095 2362 1200 2433 dignus.
1213 2360 1333 2414 77777770
1345 2357 1376 2412 Si
1385 2358 1454 2428 quit,
1465 2374 1498 2412 ex
1513 2361 1565 2412 inc.
1579 2357 1626 2413 cit.
1641 2358 1737 2414 llattlt.
1752 2374 1807 2415 stt:

1009 2432 1063 2498 Qui
1082 2432 1153 2486 enim
1176 2429 1272 2490 uates.
1292 2428 1396 2482 dubitur
1415 2431 1449 2483 ei.
1470 2427 1498 2482 ln
1513 2426 1580 2497 llrg.
1595 2429 1636 2483 sic
1648 2430 1750 2498 iegitur
1764 2431 1810 2487 ltic

1008 2517 1104 2560 uersus
1117 2519 1123 2556 :
1136 2501 1167 2557 Si
1180 2502 1238 2571 guis
1247 2500 1321 2554 itclet
1332 2499 1426 2569 dignus
1439 2499 1549 2561 uteritit,
1560 2499 1661 2569 potiora
1674 2512 1809 2572 oopettet:

1008 2586 1160 2629 correctum
1174 2571 1282 2627 vitietur
1293 2570 1386 2624 mentis
1398 2586 1446 2635 pru
1462 2569 1524 2623 07777
1537 2569 1569 2623 77.

1045 2643 1108 2700 768.
1126 2643 1198 2698 Editi
1212 2654 1320 2708 0707777,
1336 2638 1469 2695 Protrritur
1481 2642 1508 2695 in
1521 2638 1658 2712 pupuium.
1675 2638 1740 2696 liss.
1756 2654 1808 2697 tto-

1007 2715 1056 2771 stri
1074 2710 1159 2785 7770,
1176 2711 1232 2769 ou.
1246 2752 1254 2774 ,
1270 2710 1435 2780 i'roestringit
1459 2712 1582 2784 poputum
1591 2726 1601 2776 ,·
1614 2710 1712 2776 itum,
1737 2709 1808 2766 Pet·

1006 2786 1110 2857 ttringit
1131 2784 1266 2858 populum.
1286 2782 1330 2865 Ile·
1347 2782 1521 2864 diversa-itae
1535 2779 1671 2865 scribenti}
1698 2784 1808 2840 untione

1006 2868 1216 2999 tistitus?
1233 2852 1808 2996 titillet.iiiiiiit'itliibiii

1006 2999 1090 3053 077077
1107 2996 1274 3053 transeundo
1289 2998 1409 3065 attingit,
1425 2996 1452 3048 in
1470 3005 1628 3049 transcursu
1646 2994 1727 3058 raclii,
1744 2995 1810 3065 nutis

1025 3071 1093 3124 tatia
1108 3071 1245 3124 sermonis
1258 3084 1311 3120 000
1330 3066 1410 3134 pluite
1423 3080 1484 3120 cum
1502 3066 1603 3135 populo
1618 3068 1807 3121 cummunica-

1005 3083 1097 3196 70707.
1122 3139 1197 3193 lianc
1219 3138 1447 3208 siguliicatinnem
1469 3135 1572 3190 librarii
1595 3135 1809 3206 igtinrantes,e

149 3214 204 3268 ὕ,
223 3219 287 3272 11¹¹ae
308 3202 335 3258 in
356 3203 503 3278 Eveirgeliu
523 3218 549 3263 et
569 3207 693 3264 iuuenco
707 3218 880 3279 sequuntur,
896 3228 950 3266 nun
966 3182 989 3245 C
1005 3226 1056 3267 suo
1081 3211 1192 3278 iitgenin
1218 3210 1427 3277 exscripserunt
1456 3205 1591 3261 Promitur
1619 3208 1648 3260 in
1670 3209 1811 3279 populum.

1004 3281 1225 3353 877077777οί07,
1241 3289 1270 3336 77
1283 3278 1437 3334 Reuscbius
1458 3277 1543 3332 777007
1567 3275 1743 3351 Perstringit,
1759 3286 1807 3336 aut

1004 3347 1807 3433 7770770977,77777770000077777777777,0777007777,77777707.

1041 3423 1102 3482 709.
1114 3422 1185 3489 077,
1200 3430 1335 3476 recurrunt
1351 3420 1543 3490 :quindenium
1557 3430 1651 3491 posset
1663 3434 1805 3488 sustineri,
1827 3442 1832 3453 ¹

149 3488 267 3556 scipulis
290 3505 364 3556 saepe
384 3489 460 3546 (licit.
479 3490 609 3548 Cutticrl.
627 3507 666 3556 it,
691 3506 763 3547 vers.
781 3493 850 3559 56l;
866 3494 885 3549 Ι.
898 3509 946 3562 ιιι,
1002 3494 1028 3549 si
1041 3494 1178 3564 legeretur
1190 3493 1260 3547 77770
1276 3506 1324 3561 pru
1339 3492 1448 3546 dictum.

150 3568 223 3611 rers.
237 3557 308 3624 797;
326 3559 345 3615 Ι.
361 3575 399 3623 ιν,
410 3577 484 3618 vers.
500 3563 545 3619 57.

1037 3566 1100 3620 ltu.
1119 3564 1192 3627 7777..
1205 3564 1296 3637 popuii
1307 3565 1398 3617 utentis
1411 3578 1422 3616 .·
1436 3560 1538 3616 rectius
1554 3559 1646 3634 popuii
1660 3572 1770 3617 7070777.

186 3626 249 3683 tue.
262 3627 331 3701 lieg.
344 3672 352 3696 ,
364 3630 444 3687 ilum.
455 3676 463 3701 ,
475 3633 592 3700 Pucinu,
609 3647 658 3703 pru
669 3632 698 3686 d.
712 3647 748 3696 7.,
762 3633 861 3689 luminu
872 3652 945 3691 men·
1036 3635 1099 3691 777.
1115 3636 1144 3690 70
1155 3650 1221 3690 iuss.
1234 3633 1337 3689 uostris
1350 3644 1377 3687 ct
1387 3631 1449 3688 niu.
1461 3630 1591 3687 scribitur
1604 3629 1736 3700 Obicibus,
1749 3645 1803 3689 non

148 3696 194 3751 iit.
210 3698 318 3769 Ouob,
333 3702 423 3758 lintius
436 3707 538 3759 niensis.
551 3704 612 3759 utu.
625 3718 687 3759 cum
704 3705 839 3775 plerisque
852 3707 944 3771 editis,
1000 3704 1145 3831 0b4'iciitus.

148 3767 241 3825 limine
253 3771 324 3827 titre.
336 3772 422 3845 lingis
439 3791 473 3830 et
490 3775 630 3846 Eraitgeiii
643 3777 776 3831 sententia
790 3785 833 3830 est
846 3775 946 3832 lumina

1054 3778 1099 3835 ie.
1115 3771 1587 3842 71777070..Βο7.,777777707.·77ἱί,
1597 3772 1804 3842 vernulium,

147 3842 252 3898 1777777.
268 3841 364 3898 7777777.
380 3860 439 3912 utut,
453 3846 483 3901 ti
498 3864 505 3900 :
524 3845 602 3901 Velit
614 3846 704 3900 dutum
714 3855 752 3900 777
766 3862 841 3902 nosse
855 3858 947 3918 nngale-
1000 3857 1094 3904 ueteres
1105 3848 1201 3910 teneti,
1211 3846 1329 3920 justique
1339 3847 1483 3917 propitetoe.

146 3910 190 3963 rin
199 3913 275 3984 regni
287 3916 409 3969 coelorttm
421 3932 431 3972 .·
443 3915 500 3972 iliis
511 3926 596 3970 nutum
611 3933 662 3971 unu
674 3925 713 3972 est
727 3917 826 3971 dutum.
840 3917 870 3974 ln
884 3917 946 3974 aliis

1035 3918 1099 3975 776.
1125 3918 1246 3975 iltueisin
1270 3932 1323 3972 nott
1339 3916 1467 3988 displicet
1485 3925 1609 3989 optarunt
1631 3931 1748 3985 7770777,
1763 3917 1804 3974 uti

148 3983 325 4041 7777007707
337 3987 495 4055 veteribus,
509 3987 585 4043 Scire
598 4003 694 4041 neuun
706 3986 765 4055 Dei,
776 3989 945 4060 sciremgtte·
999 4002 1042 4046 est
1056 3988 1165 4046 iuliani.

926 4102 1044 4164 NOTAE.
1095 4094 1098 4109 '

187 4194 250 4251 iss.
264 4194 294 4252 itt
310 4195 394 4269 Reg..
408 4197 504 4268 glosa,
516 4215 615 4273 ungens
627 4228 663 4258 -,
675 4197 820 4267 suffocans.
840 4196 952 4256 Scilicet

1042 4199 1106 4255 767.
1133 4197 1184 4253 uec
1204 4197 1369 4270 penetralis:
1382 4197 1543 4254 biattbaeus:
1558 4199 1710 4270 musterium
1732 4201 1809 4271 regni

145 4277 326 4335 tngnierttmn
342 4270 484 4338 spinarum
494 4285 598 4337 angens
613 4312 621 4337 ,
637 4283 686 4325 seu
700 4269 849 4337 strennuus,
866 4269 949 4325 inter·
1006 4270 1139 4326 celorum.
1154 4268 1184 4325 ln
1200 4267 1340 4325 nurtnuliis
1358 4283 1425 4324 mss.
1441 4271 1561 4339 antiquae
1576 4269 1677 4327 italicae
1700 4284 1805 4328 tersio·

146 4347 230 4391 necat
255 4336 373 4407 lrugent.
398 4337 471 4396 idem
500 4341 670 4396 accusativus
698 4341 950 4411 [rugemregitura
1005 4344 1060 4404 tiis,
1076 4337 1647 4422 orcnnuiiei,atttctcnnnregnicoelnrum.

146 4405 238 4462 rerbo
250 4409 412 4477 intertuctt,
428 4421 457 4467 et
471 4427 485 4463 a
504 4413 648 4482 participio
660 4426 758 4484 ungens
769 4426 779 4463 .·
791 4411 863 4481 770077
876 4426 950 4482 saepe
963 4427 991 4489 Ι)
1042 4412 1105 4469 lilii.
1118 4410 1267 4473 7777707707,
1280 4410 1508 4480 irequematttum
1520 4428 1534 4464 a
1545 4412 1654 4478 7777770,
1669 4412 1806 4483 ejttstieru·

144 4477 174 4533 in
185 4475 308 4536 iuvenco
322 4480 495 4537 observatur.
512 4482 649 4545 Bartitius,
666 4479 728 4535 libr.
744 4496 815 4535 xrxt
831 4483 947 4538 Adrets.
1004 4497 1058 4555 que
1071 4480 1289 4554 significationis.
1304 4480 1426 4537 Sumitur
1438 4482 1524 4537 etiam
1540 4498 1591 4554 pru
1607 4494 1747 4553 retracto,
1761 4501 1808 4542 rc·

145 4562 214 4615 rap.
230 4548 272 4616 79,
286 4551 340 4607 coi.
357 4551 424 4608 soni
439 4594 447 4617 ,
461 4552 600 4619 aduertit,
617 4555 643 4607 in
667 4552 720 4606 ltnc
732 4550 845 4607 iuuenci
869 4568 950 4610 uersu
1003 4569 1094 4611 sumn.
1669 4627 1674 4638 Ι

144 4618 310 4678 inumerare
322 4637 386 4678 esse
397 4639 515 4690 necare,
531 4633 579 4681 aut
596 4637 723 4679 enecare.
738 4622 841 4678 7700707
866 4624 950 4680 verbo
1039 4624 1103 4683 769.
1118 4622 1262 4691 Recurrat,
1275 4638 1371 4681 rerum
1383 4638 1445 4681 csse
1459 4624 1630 4682 ostendatur.
1642 4624 1713 4683 7077
1728 4641 1803 4686 tens.

144 4703 270 4748 0707777
283 4693 461 4761 Prudentius,
474 4694 575 4765 epotli.
592 4691 698 4762 praeiat.
715 4693 744 4752 2.
759 4708 821 4749 uers
835 4694 890 4750 ib:
906 4694 950 4751 Ns
1003 4694 1068 4756 775.
1085 4698 1103 4752 Ι.
1118 4710 1138 4757 ι.
1570 4767 1577 4781 .

142 4765 221 4831 [orte
238 4767 356 4820 7777777777
374 4766 442 4835 fiius
453 4766 540 4822 innuit
560 4767 674 4840 spiceum
685 4793 722 4805 -
736 4763 824 4820 Sintui
844 4767 948 4820 renuite
1043 4767 1105 4823 776.
1122 4765 1227 4822 Cruttit
1238 4765 1386 4839 objicibus,
1409 4783 1443 4823 77
1458 4765 1578 4824 7777777777
1595 4776 1688 4825 textit:
1704 4768 1811 4828 707777-

107 4830 113 4837 ’
142 4833 295 4890 minuent.
327 4837 366 4893 [le
387 4837 474 4892 uerbo
500 4853 596 4909 ungens
621 4851 673 4905 pru
694 4834 826 4904 suffocent
839 4838 950 4894 disserit
1003 4850 1091 4894 totum
1115 4847 1153 4895 ett
1171 4839 1240 4893 enim
1255 4854 1300 4893 cor
1323 4839 1498 4911 populi,etc.
1521 4839 1673 4910 Apuleius,
1689 4841 1750 4899 init.
1766 4843 1810 4901 Ι.ι

143 4903 225 4960 wem
239 4904 363 4962 barthius
376 4948 384 4971 ,
397 4908 417 4963 l.
434 4922 508 4975 stru,
522 4924 583 4977 cap.
599 4907 649 4976 79,
665 4906 719 4962 701.
735 4906 805 4961 tute
820 4923 879 4977 seu.
894 4910 949 4964 Co·
1005 4909 1116 4966 7777770.
1130 4927 1137 4965 :
1152 4906 1195 4963 Tu
1217 4925 1277 4962 uero
1293 4915 1387 4965 7707777
1404 4909 1513 4965 nuribus
1536 4920 1561 4965 et
1585 4912 1713 4969 obstinato
1731 4915 1809 4969 707777

142 4973 272 5040 lemelia,
289 4977 307 5032 l.
325 4994 351 5041 x,
363 4978 467 5033 77777700
477 4991 612 5052 unguntum
625 4978 759 5033 nominat.
772 4978 887 5044 Proprie
901 4997 951 5035 on·
1007 4982 1119 5050 respuis,
1135 4996 1193 5043 nure
1205 4981 1317 5046 70777770
1332 4995 1389 5035 0777
1419 4981 1591 5036 7777777007οτ.

140 5061 214 5117 gere
226 5056 268 5103 est
277 5050 469 5120 strangulare,
484 5048 639 5112 suiiocare,
654 5048 703 5103 sed
722 5051 853 5104 transiere
865 5052 950 5106 sunti—
1043 5051 1211 5108 777670770
1226 5049 1305 5122 ling„
1321 5050 1647 5125 objicitur—obtincuiit
1659 5054 1806 5113 7777777777.

141 5128 195 5170 tur
212 5133 260 5186 pru
280 5122 438 5176 eutitristari
453 5163 461 5188 ,
475 5135 585 5177 nexare.
610 5120 705 5177 Simile
719 5118 785 5190 qnid
800 5120 899 5176 accidit
921 5121 948 5177 in
1006 5121 1169 5179 blattbnus:
1187 5120 1228 5176 Ne
1242 5122 1346 5204 quondo
1358 5124 1462 5177 0777007
1477 5121 1571 5183 oeulis.
1585 5134 1609 5178 et
1627 5126 1734 5180 70777077
1754 5142 1807 5180 utt-

142 5188 431 5260 »cynemannensi
452 5193 615 5261 strangulo,
631 5190 755 5258 stilluco,
771 5203 796 5245 et
817 5193 950 5249 tunttsinte
1004 5193 1088 5258 7770777,
1108 5203 1132 5248 77
1146 5193 1224 5247 curie
1244 5191 1402 5263 intelligunt,
1419 5204 1443 5249 77
1459 5205 1651 5265 conuertuntur,
1672 5205 1697 5249 et
1715 5212 1808 5252 700707

141 5260 277 5315 molestia
299 5262 408 5328 atiicio,
433 5262 602 5334 cnitstrlngn.
629 5259 669 5317 Er
692 5276 746 5333 qun
768 5261 947 5332 intelligitur,
1003 5281 1056 5320 ent.
1074 5264 1261 5319 iiiucruuneru
1274 5264 1448 5327 ritmtitnnt.

141 5328 230 5399 quiid
250 5329 286 5385 ait
309 5332 419 5396 Lucus,
436 5347 503 5388 xutn
515 5374 523 5399 ,
537 5335 572 5388 5:
589 5331 686 5387 Tuutm
701 5333 761 5400 quin
780 5332 889 5387 moletto
910 5344 949 5390 est
1042 5335 1106 5391 776.
1122 5332 1239 5402 73707707,
1257 5336 1400 5391 manilesta
1416 5343 1489 5391 sunt.
1511 5332 1573 5393 Lib.
1589 5350 1626 5402 tr,
1642 5349 1716 5393 vers.
1734 5336 1806 5396 tis:

140 5400 220 5455 7777777·
233 5400 283 5456 lec
294 5405 393 5473 siritu,
410 5403 545 5459 7707777070
560 5404 644 5470 iilum,
662 5419 693 5458 ne
707 5405 734 5456 in
757 5404 895 5458 0007777070
908 5421 949 5461 ue·
1004 5406 1149 5462 rinrrbunt.
1164 5404 1262 5462 Nescio
1276 5422 1326 5459 707
1339 5408 1478 5475 antiquum
1498 5407 1609 5463 uerbum
1624 5406 1807 5467 7077717007·

140 5474 232 5526 niens
249 5475 364 5545 suggillet
386 5490 427 5528 me
438 5490 448 5529 .·
461 5476 579 5541 Conler,
593 5475 618 5531 si
642 5475 739 5544 piacet,
759 5474 946 5547 bircangium,
1004 5478 1077 5549 gius.
1093 5476 1248 5545 Lucretius,
1266 5477 1284 5530 l.
1298 5491 1337 5543 ut,
1351 5491 1424 5530 vers.
1434 5476 1508 5531 937:
1525 5474 1601 5542 07077
1611 5475 1729 5543 inprime
1741 5498 1807 5548 quo.

141 5540 244 5598 verbo
256 5544 376 5616 tuggiiio,
387 5553 415 5599 et
430 5553 487 5600 not.
504 5545 538 5602 ad
554 5545 572 5609 i,
590 5561 630 5608 tu,
644 5561 717 5601 vers.
731 5546 797 5600 tis.
1004 5564 1055 5619 pue
1067 5550 1182 5602 cnrtnine
1193 5550 1282 5602 claret.
1294 5545 1471 5609 Glattdiauus,
1487 5546 1521 5599 de
1531 5560 1557 5600 tu
1567 5547 1701 5603 consulut.
1716 5550 1807 5609 liono-

181 5611 256 5668 757.
267 5612 527 5687 Puirbrnmtegttem
539 5631 549 5671 .·
562 5616 664 5673 dictum
679 5614 714 5672 tle
733 5629 766 5672 70
776 5615 897 5688 epitheto
912 5618 947 5676 ati
1003 5618 1037 5674 rii
1061 5617 1110 5674 797
1126 5637 1133 5673 :
1163 5615 1278 5671 77777770
1299 5625 1414 5687 peintus
1426 5644 1462 5657 —
1474 5613 1576 5672 (inruit
1596 5617 1718 5678 Asconio.
1743 5623 1806 5681 Alio

134 5690 231 5741 ters.
248 5684 300 5740 776.
1002 5703 1083 5744 sensu
1100 5687 1358 5753 clurncestlucerc,
1372 5683 1427 5745 aiio
1437 5685 1583 5759 illustrem,
1593 5689 1740 5761 celebrem,
1753 5696 1805 5753 scii

181 5746 256 5807 ⁷5⁶·
269 5753 353 5815 iittim
364 5792 372 5825 ,
383 5756 510 5829 ciusdem
524 5756 581 5816 iere
594 5758 800 5831 signiilcntiunit
814 5776 846 5817 nc
866 5760 942 5830 gerit.
995 5760 1100 5816 clerum
1113 5771 1193 5834 estet!
