4150 6167
709 206 852 268 ctubml
869 197 1067 268 eamdam.
1089 197 1155 265 tls.
1176 204 1208 261 t.

945 329 971 392 Α
1009 397 1012 402 ,
1057 322 1184 380 Traditur
1195 321 1321 388 multis,
1334 322 1394 380 lere
1409 322 1543 392 noctur,
1562 325 1647 396 impie
1659 323 1740 389 latro,

206 323 330 383 Natalem
344 323 607 390 scrabedinum
620 322 732 382 luminis
744 322 825 393 brius

207 416 350 475 liausisset
358 416 482 489 placidas
493 415 589 472 lttbris
601 416 730 476 vitalibus
742 430 828 476 ouras

206 508 323 566 AEterno
338 519 453 578 torpore
468 508 567 574 latens,
581 507 737 579 miseroque
747 505 849 566 luisset

207 602 274 660 Sors
287 601 390 660 melior
405 600 514 659 nescire
534 600 638 666 datam,
659 615 740 673 quam
757 601 872 669 perdere
893 600 936 656 si·

813 693 898 767 [tatn,

142 790 174 848 db
208 790 349 848 dutmala
364 788 440 846 lustts
456 789 550 857 burno,
564 788 710 848 cunlestim
719 804 836 850 munera
848 788 918 845 lueis

1734 203 1787 265 tto

1059 416 1180 474 Prurim
1193 415 1342 473 horribiles
1355 418 1497 474 comitaris
1510 417 1624 488 signiter
1635 420 1737 474 enses?

1061 507 1283 581 sacrilegamque
1295 510 1396 577 xiem,
1417 509 1527 581 gladiis,
1550 510 1717 582 sudibusque
1739 513 1791 567 tui·

1685 619 1698 656 2

1061 696 1129 753 Cum
1151 709 1275 763 movens,
1294 708 1407 754 oraora
1426 694 1539 766 premis,
1560 601 1790 766 mdliqitzcveeffe·

1679 785 1755 860 [num

207 881 503 956 Penteretutpnlvls,
518 881 936 953 quentencusprojtettluputs
990 883 1026 944 65
1061 885 1180 952 luseris,
1194 893 1224 941 et
1239 882 1338 942 blanda
1359 857 1503 940 botuinunt
1518 882 1572 938 seb
1591 881 1709 953 imagine
1731 893 1795 950 pro

202 974 227 1032 d
241 972 311 1031 lacie
323 981 417 1040 terroe,
430 971 589 1043 rapidisque
602 972 738 1030 volatibus
750 981 826 1028 actus

207 1065 350 1138 Spargitur
364 1066 391 1122 in
403 1079 502 1123 vacuas
517 1064 627 1121 nebulis
640 1066 787 1124 obscurior
801 1065 924 1124 uutbras.

141 1221 144 1228 ,
206 1158 287 1234 317
307 1156 385 1216 Tune
396 1168 526 1228 cruente,
542 1157 752 1230 lerox,audax,
766 1160 877 1226 maana,
893 1173 938 1215 re-

796 1253 903 1330 lulis,

1713 977 1719 987 ·
1745 976 1757 1016 r

1062 1074 1132 1142 Quid
1144 1075 1253 1130 audura
1266 1075 1389 1139 similias,
1404 1082 1433 1130 et
1446 1070 1534 1128 amica
1554 1070 1654 1128 tttode
1667 975 1795 1126 gustas?

1062 1168 1148 1241 818
1160 1167 1297 1240 quuid
1313 1167 1449 1224 terribiles
1468 1172 1518 1220 out
1540 1178 1593 1236 ptr
1615 1162 1743 1233 widrat
1769 1162 1795 1218 in

1666 1273 1714 1310 ens
1748 1297 1755 1322 ,

1063 1353 1122 1410 dut
1134 1353 1287 1411 nuculeum
1300 1354 1347 1426 pio
1362 1352 1442 1425 lupus
1453 1352 1547 1408 oscula
1560 1257 1677 1422 porrigit
1686 1272 1778 1421 aqitso?

141 1345 176 1404 bo
210 1346 326 1413 Pcrllde,
344 1345 475 1417 crudelis,
490 1346 587 1416 lallax,
601 1347 719 1416 venalis,
732 1346 836 1421 inique,

141 1555 201 1613 lusu
216 1555 369 1627 comparari
383 1554 604 1629 cttmsanpuiue,
617 1555 664 1626 qui
686 1554 780 1612 muudi
804 1563 884 1626 pater
897 1562 942 1612 est
955 1562 981 1623 Β
993 1566 1038 1613 ttts
1047 1575 1066 1610 e
1076 1558 1146 1629 faeie
1157 1565 1267 1624 ωιτν,
1280 1557 1440 1628 nullamque
1452 1557 1615 1612 memoriam
1628 1556 1671 1612 sni
1681 1556 1799 1612 neminis

140 1649 331 1721 universi,qui
345 1648 938 1721 huncquoqueuelandumnasciconceesit.
994 1650 1156 1721 reliquisset
1166 1651 1274 1706 inlelix.
1297 1650 1373 1707 Tunc
1389 1650 1472 1720 igitur
1490 1649 1589 1716 audax,
1613 1657 1738 1715 cruerue,
1756 1647 1800 1703 lc—

140 1741 225 1814 dtque
252 1742 358 1797 utinam
381 1742 478 1800 matris
503 1741 579 1800 arida
601 1742 751 1799 sterilitate
775 1743 939 1813 munaus,
996 1744 1191 1810 rox,rebellis,
1213 1754 1277 1800 tune
1291 1746 1383 1815 fallax,
1403 1744 1652 1814 crudelisiniqtte,
1675 1742 1795 1804 mulis.

141 1834 210 1893 diem
236 1834 387 1891 natalititun
413 1851 467 1891 non
492 1835 617 1904 vidisset,
646 1851 698 1892 nec
719 1835 847 1894 anthusae
870 1837 940 1894 lucis
993 1839 1153 1910 etpmbde,
1172 1849 1239 1895 tune
1260 1839 1390 1904 traditor,
1408 1841 1489 1904 latro,
1510 1836 1570 1893 lere
1588 1837 1726 1906 proditor,
1748 1836 1799 1889 'tnt-

139 1927 255 1998 jncnudu
267 1928 456 1999 conspiceret,
468 1933 572 1985 aeterno
585 1936 697 1997 torpore
711 1929 747 1985 nil
764 1944 938 2000 permaneas,
995 1933 1082 2004 mitis,
1098 1942 1126 1989 et
1140 1933 1233 2002 impie.
1256 1933 1375 2002 praevios
1392 1932 1498 1998 dacter,
1524 1945 1557 1985 ac
1572 1929 1698 2000 siqniler,
1715 1929 1800 1984 boscis

141 2021 295 2090 miseroque
310 2019 382 2076 loret
397 2021 445 2075 illa
460 2035 523 2077 sors
537 2023 634 2078 melior
647 2022 734 2078 uitam
758 2023 865 2079 nescire
885 2031 942 2078 tra·
993 2027 1133 2083 connitaris
1148 2026 1399 2094 bot-ribilissciem
1411 2041 1494 2097 quam
1506 2024 1799 2095 memeganqtadtis,

140 2116 236 2186 ditum,
252 2131 332 2189 quatu
347 2117 451 2174 sentire
470 2117 649 2185 subtractam,
677 2125 724 2176 aul
746 2116 892 2184 cortieslint
914 2127 944 2176 ut
994 2121 1155 2177 etiustibus
1180 2122 1317 2176 tidenter
1331 2131 1477 2188 ιιιιιιιιιιι,
1498 2133 1561 2174 cum
1582 2115 1728 2171 minaciter
1743 2132 1802 2170 uto·

141 2211 239 2266 meruit
248 2209 400 2280 procreari,
410 2210 558 2267 meruisset
571 2217 600 2265 et
611 2209 836 2282 mori,lierclqae
846 2211 944 2279 tnabui
995 2229 1079 2280 neae,
1105 2213 1283 2268 mendacibus
1306 2213 1412 2268 osculis
1436 2209 1452 2249 b
1477 2210 1569 2266 toecos
1597 2209 1798 2274 incommodas,

140 2301 298 2375 principalis
311 2302 480 2374 exemplum,
493 2311 629 2374 quatenus
640 2303 677 2360 ita
691 2319 806 2374 prorsus
821 2314 881 2362 toto
896 2304 944 2364 de·
997 2306 1135 2378 mellaque
1150 2308 1265 2362 resecis
1279 2305 1423 2377 adjungis,
1438 2314 1469 2360 et
1483 2319 1555 2359 saeta
1573 2302 1688 2358 lltttaino
1708 2302 1802 2373 prodi·

138 2399 242 2471 periret
255 2411 270 2451 a
284 2396 387 2452 saeculo
406 2405 539 2468 luutquont
553 2394 651 2469 puluis,
666 2412 743 2467 quem
761 2397 869 2477 proiicit
881 2413 943 2452 neit·
996 2401 1073 2457 tione
1093 2398 1246 2456 inurent
1260 2399 1433 2458 Caesonium
1453 2395 1589 2452 fallaciter
1608 2393 1802 2466 profluuium

892 2508 1054 2567 certonia.

174 2602 221 2660 52.
241 2602 318 2670 did,
340 2602 479 2668 Αιιιιὶιιιι,
505 2601 614 2671 corrige
636 2599 792 2658 Ηιιιιιιιιιιι.
808 2600 938 2657 carum
1028 2604 1075 2659 62.
1095 2599 1181 2671 ileos,
1209 2601 1316 2657 Primus
1336 2613 1361 2657 et
1376 2600 1533 2666 horribilem
1553 2601 1660 2656 scilicet
1683 2601 1802 2667 primus,

135 2677 156 2734 l.
175 2673 436 2738 eistatenses,
453 2671 784 2745 propetrttcttnpbrte.
806 2671 937 2730 Cotttmu·
993 2685 1022 2734 et
1046 2675 1159 2743 signifer
1176 2674 1329 2732 comitaris.
1353 2675 1436 2738 Alb,
1459 2672 1525 2744 [teg.
1555 2674 1566 2728 l
1593 2672 1738 2727 lturribilir.
1763 2673 1802 2728 isa

135 2750 184 2804 nis
211 2747 346 2816 scriptura
367 2754 410 2801 est
429 2744 531 2814 dubria,
559 2758 612 2816 qno
629 2743 743 2815 respicit
764 2744 894 2801 mendum
911 2748 938 2801 in
993 2747 1078 2804 etiam
1092 2747 1147 2802 0tt.
1166 2747 1192 2813 l,
1204 2747 1250 2802 sed
1266 2748 1293 2802 in
1309 2747 1360 2800 ltnc
1373 2758 1528 2802 correctum
1545 2755 1584 2797 est
1599 2742 1747 2800 botaibiles

134 2818 208 2879 neb.
225 2818 318 2886 [dria.
1030 2815 1075 2873 63.
1097 2817 1212 2875 Sebetlte
1230 2814 1334 2872 Puelm.
1351 2834 1456 2871 utcnutu
1472 2831 1522 2886 pru
1543 2816 1634 2872 aciem.
1653 2813 1742 2883 Meus,
1759 2833 1803 2872 att·

175 2891 223 2947 53.
244 2889 329 2946 Error
342 2897 384 2944 est
400 2890 426 2942 in
442 2888 515 2951 ileo,
529 2898 557 2943 et
572 2887 598 2940 in
614 2885 710 2942 Parrb.
726 2895 840 2956 torpere,
865 2898 892 2944 et
912 2888 939 2943 iu
999 2889 1129 2962 diburqte
1141 2890 1295 2944 mittentem.

135 2962 222 3018 Rom.
239 2972 533 3033 corporcprotorpore.
556 2956 682 3013 llartltius
704 2957 817 3012 nimium
833 2957 942 3015 subtili·
1031 2960 1078 3018 ct.
1099 2961 1184 3017 blm..
1207 2960 1317 3022 Acuta..
1339 2958 1482 3023 Parrltas,
1510 2957 1603 3013 Ottub.
1631 2958 1657 3024 ι,
1674 2956 1754 3024 Alb,
1776 2969 1804 3012 et

135 3043 182 3090 ter
194 3033 231 3090 de
242 3042 345 3087 aeterno
357 3030 410 3088 hoc
424 3040 536 3100 torpore
547 3028 767 3099 pnitotoplntor,
779 3045 860 3094 quent
872 3045 941 3084 uttn-
995 3033 1075 3087 mnlti
1087 3032 1156 3087 editi
1168 3029 1348 3087 commerear.
1361 3030 1390 3085 ld
1407 3031 1459 3084 lttit
1473 3028 1555 3084 etlam
1579 3029 1606 3083 itt
1623 3028 1692 3100 Reg.
1708 3028 1736 3096 Ξ,
1753 3031 1800 3083 scd

135 3104 227 3161 cludit
251 3118 313 3158 esse
328 3103 506 3158 nescientiam
523 3100 692 3166 mortalium,
715 3109 744 3156 el
761 3100 937 3171 nihilitatem,
955 3078 978 3141 C
994 3112 1148 3159 correctum
1159 3103 1224 3158 Catu
1243 3101 1415 3163 nunciansei
1429 3098 1615 3166 Cuutmoreus,
1631 3111 1660 3155 ut
1672 3100 1802 3154 scribitur

134 3191 203 3249 quae
217 3174 256 3231 nil
272 3175 385 3229 omniuo
398 3187 526 3243 utnqnatn
537 3173 600 3227 lttit.
616 3170 770 3235 Vertumni
784 3173 820 3227 de
831 3173 941 3228 Nebris-
993 3176 1079 3230 etiam
1095 3177 1121 3228 in
1132 3175 1199 3245 llcg.
1213 3175 1226 3230 l
1240 3189 1303 3230 cunt
1318 3173 1479 3244 glossarum
1491 3172 1625 3227 sollicites.
1639 3172 1714 3226 lleus
1728 3188 1803 3225 tuou-

135 3242 942 3315 seusiditti,quitersus.brnsttnqueSeduliinonintel·
993 3242 1474 3312 doseConunoues:pleriquelltnn
1497 3258 1612 3311 retorem,
1643 3243 1714 3312 quud
1737 3258 1801 3297 sett-

134 3319 221 3390 liget.
238 3317 329 3372 miuus
344 3315 495 3372 istiusmodi
515 3315 759 3384 interpretationes
774 3315 921 3384 intelliget.
994 3319 1079 3373 tentia
1099 3318 1227 3384 postulat.
1242 3316 1322 3381 tiss,
1339 3314 1447 3371 crediti
1467 3318 1571 3387 passim
1587 3315 1627 3367 ori
1652 3329 1698 3366 ortt
1710 3330 1720 3369 .·
1734 3314 1803 3382 ling.

176 3387 225 3446 54.
248 3387 342 3442 drnta.
355 3403 369 3439 a
382 3401 469 3453 tn.s.,
486 3384 627 3452 Parrbas,
640 3386 752 3441 trecente
767 3402 816 3455 pru
830 3388 940 3442 uenire.
994 3387 1022 3454 5,
1039 3388 1101 3444 tlt.
1113 3405 1158 3443 ore
1172 3404 1231 3450 oro,
1248 3389 1321 3457 quoti
1337 3396 1429 3442 exstat
1445 3390 1526 3440 etiam
1540 3386 1567 3437 in
1585 3392 1679 3439 nrntz.
1703 3386 1737 3439 ab
1761 3385 1804 3439 al·

132 3460 271 3530 Plerique
293 3461 479 3528 interponunt,
496 3457 595 3511 immin
616 3455 717 3522 ductae,
736 3474 817 3528 quum
835 3460 943 3529 perdere

132 3533 235 3588 eitum.
248 3529 377 3586 Nonnulli
392 3535 501 3595 nescire,
519 3528 700 3598 detumuerat
715 3530 821 3598 perdere
832 3530 922 3583 uilem.

176 3603 226 3660 st.
246 3602 296 3657 tls.
310 3600 397 3670 urps,
412 3600 498 3667 Meus,
516 3598 576 3654 Vct.
591 3598 621 3658 ἢ.
636 3598 732 3664 domu
748 3600 870 3670 plerique
889 3599 942 3654 lta·

133 3692 196 3740 ruo,
210 3672 283 3742 qunti
300 3671 460 3740 intelligitur
474 3688 509 3726 et
522 3668 610 3726 veteri
631 3685 718 3736 tuturo,
735 3684 789 3740 quo
804 3678 883 3726 tutos
899 3672 943 3726 in·

132 3746 207 3803 fans
227 3746 253 3800 in
268 3754 342 3801 terra
359 3742 556 3807 collocabatur,
577 3751 607 3796 ιιι
627 3755 642 3795 a
658 3754 735 3811 patre
759 3742 902 3798 tolleretur
915 3744 943 3797 in

131 3818 292 3890 grentiuttt.
307 3811 363 3871 Sed
379 3813 494 3869 luctasse
508 3811 601 3868 serior
613 3821 657 3867 est
673 3812 756 3868 lectio
779 3814 867 3878 domo,
882 3829 944 3882 quse

130 3892 167 3947 in
193 3889 308 3957 antiqno
327 3891 410 3941 etiarn
435 3900 487 3940 nts.
511 3884 673 3940 'laurinensi
696 3895 785 3939 exstat
809 3885 945 3941 :ridetur

132 3961 221 4020 entim
246 3957 376 4015 Scdnlius
399 3956 519 4012 soluisse
543 3955 662 4011 retinere
687 3957 797 4010 uerbum
824 3956 943 4011 blattltaei

132 4049 166 4087 e.
189 4046 264 4094 sxrt,
280 4045 308 4084 ι.
317 4027 364 4093 dl,
382 4025 428 4082 Vre
441 4037 528 4083 autem
541 4025 641 4080 lomim
652 4026 702 4092 illi,
715 4044 760 4098 per
772 4043 847 4095 quent
857 4026 947 4084 Filius

132 4102 263 4158 bonuaria
276 4099 395 4154 trudetur
411 4116 421 4153 .·
440 4098 536 4154 bouum
549 4106 603 4154 erut
614 4097 648 4162 ei,
663 4101 685 4152 ιι·
697 4110 775 4152 ortua
789 4113 841 4152 nou
856 4099 947 4171 pauset

131 4174 225 4229 homo
243 4172 298 4226 illc.
309 4169 427 4226 Obrinut
441 4182 483 4224 est
498 4167 570 4234 apud
587 4175 681 4236 poetas
694 4169 768 4238 lasus
783 4185 833 4239 pru
856 4179 945 4225 nutat.

135 4248 234 4301 Prusa
259 4243 378 4308 epptlical
398 4241 536 4311 confertius
553 4249 580 4294 td
598 4240 690 4294 mentis
711 4242 853 4311 uenero,
874 4241 948 4313 quud

131 4315 259 4382 utrique.
271 4312 413 4382 scripturae
427 4321 517 4381 preest
529 4325 692 4380 congruere.

186 4385 233 4442 st.
245 4386 302 4441 (ιιι.
320 4390 344 4449 l,
360 4394 464 4447 tructus,
482 4390 557 4438 recte
569 4391 724 4439 correctum
737 4398 787 4452 per
799 4393 882 4439 octus.
898 4385 949 4440 Sa·

996 3471 1056 3515 tera
1071 3474 1164 3523 mann,
1177 3470 1205 3514 et
1219 3460 1246 3513 in
1261 3458 1371 3513 scltedis
1388 3455 1557 3510 Pttcltnanni.
1570 3454 1599 3510 ld
1613 3457 1718 3525 eligunt
1733 3456 1805 3512 Gru·

996 3546 1091 3596 uerus,
1104 3538 1133 3585 el
1150 3527 1329 3592 drntaenins,
1343 3526 1404 3599 quia
1421 3526 1549 3582 Latinum
1566 3542 1619 3581 nun
1636 3535 1679 3581 est
1694 3528 1735 3580 ori
1756 3544 1804 3583 oru

997 3617 1123 3671 premere.
1137 3601 1219 3655 Certe
1232 3599 1355 3653 latinius
1365 3608 1407 3653 est
1422 3614 1466 3651 ore
1476 3614 1522 3652 ore
1535 3613 1667 3666 premere,
1683 3600 1732 3652 scd
1748 3614 1803 3653 non

996 3673 1077 3727 lacile
1089 3670 1276 3726 dontnouerint
1299 3670 1429 3724 alterutn.
1447 3669 1510 3724 liat.
1531 3680 1554 3726 ι,
1572 3684 1689 3732 premes,
1706 3683 1801 3723 corre·

998 3759 1060 3799 cutn
1075 3743 1181 3811 premis.
1194 3741 1303 3803 Pamin,
1319 3756 1448 3809 premens,
1463 3740 1526 3809 quia
1542 3741 1619 3804 prius
1632 3740 1718 3793 edidit
1727 3739 1806 3792 [ont-

998 3829 1112 3870 mouera.
1124 3812 1154 3868 ln
1171 3811 1251 3867 llont.
1268 3814 1401 3884 scripturn
1418 3823 1478 3866 eust
1493 3809 1639 3882 mellisque,
1655 3807 1682 3866 in
1699 3810 1803 3867 Puclm.

999 3901 1080 3942 error
1093 3896 1138 3941 est
1151 3885 1278 3956 melleque
1291 3899 1341 3952 pro
1353 3883 1487 3953 mellique.

1036 3956 1083 4013 65.
1106 3956 1234 4026 Plerique
1248 3957 1349 4021 nostri,
1364 3968 1388 4010 et
1406 3955 1503 4009 bloudc
1515 3951 1666 4020 Petrinum,
1686 3953 1806 4009 Atrdae·

1001 4030 1076 4094 nius,
1102 4028 1211 4083 inverso
1237 4027 1344 4098 ordine,
1372 4027 1458 4083 edidit
1484 4036 1507 4081 et
1532 4024 1672 4081 Demittunt
1694 4025 1805 4092 blanda,

1001 4102 1072 4155 altos
1084 4109 1207 4154 secutus.

1037 4169 1087 4228 dli.
1115 4167 1300 4238 Wopkensltts
1323 4170 1365 4225 sle
1388 4169 1553 4224 sollieitabat
1576 4168 1650 4223 benc
1672 4181 1806 4222 versum:

1004 4242 1075 4311 Quid
1087 4242 1186 4296 socium
1204 4242 1330 4295 sintulonr
1343 4240 1449 4295 brittticc
1465 4240 1559 4312 praede
1579 4237 1691 4305 solutos,
1705 4240 1810 4295 scilicet

1003 4313 1132 4369 simulans
1148 4324 1183 4380 te,
1197 4324 1224 4366 et
1240 4312 1341 4367 solutus
1361 4311 1449 4375 illum,
1464 4313 1506 4366 rel
1529 4311 1600 4377 Quid
1614 4313 1713 4365 socium
1726 4314 1808 4364 airun-

1005 4386 1056 4448 lua,
1069 4395 1092 4440 el
1107 4384 1191 4438 amice
1207 4385 1293 4450 fronte
1308 4381 1420 4445 solutor,
1431 4383 1473 4437 vol
1492 4382 1564 4449 Quid
1579 4383 1677 4436 rocittru
1688 4381 1808 4446 simulne,

133 4472 207 4514 crae
229 4459 378 4524 Scripturas
403 4451 513 4525 phrasis
527 4453 699 4528 estApcu'c
719 4463 804 4511 ture.
827 4454 1031 4534 Consulenet
1046 4472 1114 4511 coeeu
1137 4454 1230 4525 frende
1254 4455 1375 4508 solutus?
1403 4453 1502 4508 lorum
1531 4469 1564 4507 er
1590 4453 1676 4508 Prusa
1700 4454 1811 4522 uqttorit

132 4540 212 4587 not.
227 4526 261 4583 ad
276 4527 451 4588 dracontium
466 4542 495 4590 tt,
506 4525 569 4580 Ι457.

1006 4528 1080 4584 idem
1092 4525 1288 4592 Wtqtleusius.
1304 4540 1398 4580 reram
1416 4539 1478 4581 esse
1491 4524 1617 4579 cudiennt
1634 4524 1809 4592 scripturam.

186 4598 234 4656 59.
256 4598 372 4661 Poelm„
397 4595 513 4651 inunctio
539 4597 566 4654 iu
579 4595 690 4652 Juduuu
713 4597 801 4659 lleus,
824 4596 952 4665 Apostro-
1008 4603 1118 4670 Arete,
1134 4599 1200 4668 lleg.
1215 4599 1241 4662 5,
1259 4597 1321 4652 tlltl.
1337 4598 1461 4662 ornicum,
1477 4597 1524 4651 ulii
1539 4611 1601 4651 cum
1618 4597 1810 4668 praeuenire,

130 4672 228 4743 pltat.
240 4670 330 4738 liena,
343 4670 416 4741 lucr
433 4665 530 4732 iudet,
550 4669 664 4730 iurene:
687 4671 777 4724 ceteri
793 4670 882 4724 cadus
901 4685 952 4742 pro
1010 4671 1039 4727 lt.
1055 4687 1094 4737 e.,
1110 4671 1161 4724 snb
1176 4668 1269 4740 specie
1283 4670 1421 4724 amicitiae.

131 4742 251 4800 lardus.
267 4741 338 4806 Beda
351 4741 443 4806 etiam,
459 4740 546 4808 quiin
563 4738 610 4794 lib.
632 4739 667 4795 de
680 4738 748 4795 utu
762 4750 844 4796 uuetr.
861 4741 954 4796 laudat
1046 4742 1093 4800 ot.
1107 4743 1202 4797 cartu.
1215 4740 1288 4802 eud..
1300 4737 1394 4806 Castu,
1409 4739 1481 4800 atet..
1499 4738 1651 4802 Numquam
1664 4754 1672 4792 :
1685 4740 1812 4796 unttnnlli

132 4816 229 4871 hunc
241 4828 360 4876 rcrstttn,
377 4812 442 4882 lcqit
453 4812 552 4868 andra.
564 4810 685 4881 lupmsa
699 4812 771 4865 nulla
784 4824 828 4868 est
839 4812 956 4868 distinc·
1011 4814 1092 4870 codd.
1110 4829 1176 4867 mss.
1198 4813 1314 4868 obscure
1331 4811 1491 4884 Nutuqttutu,
1507 4822 1554 4865 aut
1574 4810 1721 4880 Numquid.
1747 4812 1814 4865 Bur·

131 4889 194 4943 tio
210 4884 309 4952 capitis
330 4885 381 4939 buc
395 4884 467 4947 loco,
484 4892 514 4938 nt
533 4896 739 4951 uonuutnqunm
753 4884 817 4937 alibi
831 4891 860 4939 ot
875 4897 956 4952 prosa
1012 4884 1098 4950 tirius,
1114 4885 1266 4947 Grunerus,
1279 4893 1310 4938 et
1321 4883 1483 4938 nrtttzonius
1495 4885 1643 4953 proterunt
1658 4879 1811 4940 tium-,vuum

129 4957 199 5014 ab.
209 4954 414 5021 exemplaribus
430 4967 497 5010 tnss.
520 4953 660 5018 carminis,
675 4962 703 5008 et
717 4958 775 5010 ltocc
790 4955 848 5026 ipsa
863 4969 957 5011 erein-

128 5029 244 5104 plnria
257 5029 330 5082 iuter
341 5042 372 5082 se
384 5025 551 5093 discrepant.

1012 4971 1076 5012 cum
1086 4969 1181 5025 prosa.
1195 4956 1333 5023 Plerique,
1344 4965 1372 5010 et
1385 4957 1481 5023 optimi
1498 4970 1565 5010 mss.
1581 4954 1713 5009 etltibetrt
1729 4952 1815 5006 blunt·

1011 5025 1087 5098 quid,
1104 5025 1253 5096 quodcum
1270 5026 1483 5096 interrogatione
1497 5027 1622 5082 estttrletn
1647 5033 1810 5079 sententtenr

192 5097 239 5153 tlt.
262 5097 299 5153 lle
314 5112 380 5153 uoce
402 5095 514 5152 crudior
534 5098 674 5165 disputant
688 5097 738 5150 uiri
761 5095 861 5160 critici,
886 5113 918 5151 ott
943 5112 959 5152 a
1015 5097 1122 5161 reddit,
1137 5112 1225 5164 neque
1240 5097 1327 5151 minus
1343 5099 1516 5164 clepzntsest.
1534 5097 1620 5152 Porro
1631 5110 1683 5148 non
1700 5095 1736 5147 itu
1750 5107 1814 5161 pro·

124 5171 254 5230 Tacito
277 5175 407 5236 usurpata
428 5167 510 5226 suerit
535 5184 583 5236 pru
612 5166 752 5236 proditore
769 5185 775 5222 :
789 5167 825 5221 ab
839 5182 871 5223 eu
885 5177 961 5223 certe
1014 5184 1056 5226 sar
1072 5167 1258 5223 inherendum
1274 5177 1326 5234 est,
1344 5179 1373 5222 ut
1386 5170 1446 5238 ejus
1462 5169 1542 5224 lectio
1558 5167 1708 5222 rettustiori
1723 5165 1815 5236 alteri,

123 5256 213 5303 nou
228 5240 381 5300 abhorrent
394 5238 591 5308 Tertullianus,
605 5239 709 5310 aliique
722 5248 832 5295 ueteres
845 5239 963 5308 scripto·
1018 5242 1047 5297 in
1061 5255 1141 5310 quom
1158 5240 1380 5310 praestantissima
1396 5249 1489 5297 uetera
1507 5238 1674 5309 excnqderia
1695 5252 1815 5294 consen-

123 5328 205 5373 τοι
218 5311 379 5372 Cbristiaei.

1019 5313 1107 5376 liunt,
1119 5311 1293 5383 proderetur.

197 5459 212 5487 ²
234 5448 336 5505 Penlnt.
358 5465 377 5514 ι,
394 5464 466 5504 vers
482 5446 510 5502 l.
532 5447 632 5504 Postea
647 5447 775 5502 mendum
790 5445 911 5501 occurrit
936 5446 963 5501 in
988 5469 993 5476 ·
1059 5446 1073 5487 ὃ
1097 5447 1181 5502 brror
1195 5456 1238 5502 est
1251 5445 1278 5500 in
1293 5453 1348 5500 rel.
1366 5445 1427 5502 cod.
1443 5443 1526 5500 ortilis
1547 5457 1598 5514 pro
1612 5447 1720 5510 neele,
1746 5447 1816 5501 etin

118 5521 303 5584 nonnullis
317 5518 496 5576 Bibliothecis
511 5519 623 5574 Patrum
634 5541 640 5573 :
651 5518 725 5573 Tunc
740 5517 819 5588 iqitttr
831 5534 879 5587 pro
892 5516 965 5573 Tune
1020 5518 1183 5588 quibusdum
1194 5516 1274 5571 editis
1289 5516 1393 5572 ueniens
1404 5516 1528 5589 udp'uttpis
1546 5531 1594 5582 pru
1608 5517 1712 5572 concutis
1724 5516 1821 5584 odiun-

118 5595 254 5672 iqitur,
269 5601 299 5649 et
316 5603 379 5647 tutte
398 5588 494 5663 seduc,
516 5599 579 5646 tuuc
598 5589 709 5646 traditor
723 5603 775 5659 pro
789 5597 850 5643 latre
870 5589 964 5657 lullus,
1020 5591 1073 5663 qis,
1086 5601 1112 5648 ct
1125 5587 1382 5662 [ruodirtuloutione
1394 5603 1445 5659 pro
1460 5585 1732 5662 [muilirsulututioue
1748 5605 1757 5641 .·
1772 5604 1821 5643 ne-

111 5679 225 5726 um
234 5664 357 5721 nedum
368 5662 456 5735 ceptro
467 5661 597 5734 rescripsi
609 5671 709 5719 mane
723 5669 831 5733 temore
843 5669 967 5734 protem·
1022 5679 1076 5733 que
1090 5661 1247 5734 intelligitur
1262 5704 1270 5731 ,
1285 5658 1349 5735 quill
1368 5660 1405 5720 sit
1426 5660 1515 5728 amice
1540 5657 1642 5734 [tutudis
1664 5657 1821 5728 rtdqtulioue

114 5749 238 5816 pon.

1022 5734 1217 5806 perttrinperia.
