4150 6167
160 201 215 262 863

192 315 250 376 Nec
261 324 369 380 metues
383 317 493 393 Stygios
506 320 605 380 llebilis
617 322 712 382 umbra
728 326 814 384 lacus.

155 411 258 470 llcrum
273 422 321 470 ant
336 412 520 487 Persephone
530 416 673 491 Cinyreius
685 419 737 477 ibis
749 420 875 483 Adonis:

190 505 247 563 Aut
257 504 334 563 lovis
343 505 428 579 Elysii
445 517 473 566 tu
486 510 629 571 catamitus
642 514 707 572 eris.

315 718 321 728 ι
401 645 524 707 rusus.
536 647 711 709 nostrornm.

155 758 256 832 Viginti
267 766 351 832 nlqrm
364 775 461 819 novem
474 763 598 835 genitrici
611 764 781 824 Callicratem

190 852 299 911 Nullius
310 867 393 912 sexus
405 870 480 912 mors
494 857 560 913 mibi
576 858 634 914 risa
648 858 709 916 luit.

154 946 208 1006 Sed
218 959 330 1004 centnm
343 957 371 1005 ot
380 949 502 1022 quinque
510 952 616 1023 explevi
625 954 696 1011 bene
708 954 847 1012 messibus
855 969 953 1024 annos,

189 1037 366 1098 intremulam
382 1040 481 1099 baculo
494 1057 548 1100 non
559 1046 692 1104 subeunte
705 1062 827 1105 manum.

241 1176 354 1235 XXXV.
368 1175 447 1251 Equo
461 1158 635 1251 Admirabiii,
647 1185 726 1255 jussu
741 1184 862 1256 Augusti.

151 1288 324 1364 Pbospborc,
334 1289 452 1348 clamosi
465 1293 583 1364 spatioso
599 1309 649 1365 per
666 1309 775 1366 aequora
790 1294 863 1353 Circi

187 1383 324 1463 septenas
337 1382 434 1440 solitus
448 1385 536 1441 uictor
551 1384 629 1444 obire
641 1387 718 1443 rias:

147 1474 372 1548 lmproperantcr
382 1490 466 1548 agens
478 1478 584 1550 primos
600 1494 616 1535 ι
633 1494 743 1538 carcere
754 1495 861 1550 cursus,

185 1568 279 1627 Portis
294 1571 454 1643 progressis
469 1581 499 1626 ut
515 1573 651 1643 potereris
662 1573 755 1646 cquis.

149 1662 310 1735 Promptum
321 1671 351 1720 ct
361 1662 471 1721 veloces
485 1674 544 1721 urat
554 1664 706 1738 anticipare
722 1668 871 1741 quadrigas
887 1688 894 1724 :

188 1754 314 1813 lictores
327 1756 412 1814 etium
426 1757 548 1825 sincere,
564 1758 624 1816 laus
638 1760 738 1830 potior.

149 1846 228 1906 Uunc
242 1848 351 1907 titulum
365 1849 427 1905 vani
438 1848 535 1906 solatio
546 1864 623 1907 sume
637 1851 768 1923 sepulcri,

184 1946 218 2002 Et
230 1945 346 2018 gradere
358 1945 469 2019 Elysius
488 1944 640 2018 properari
656 1946 786 2016 alipedes.
837 2015 839 2020 y

147 2038 268 2112 Pegasus
283 2039 347 2095 binc
361 2038 457 2096 dexter
471 2047 563 2096 currat
576 2038 641 2106 tibi;
655 2037 742 2096 laeuos
755 2039 838 2097 Arion

182 2132 268 2191 Funis
281 2142 345 2199 cnt;
361 2141 488 2204 quartum
503 2133 550 2190 det
564 2133 612 2190 tibi
627 2133 725 2189 Castor
740 2149 849 2205 equum.
877 2140 878 2143 ’

708 210 951 273 usrnusncnn
971 189 1281 283 ururmnnonss.

1755 228 1810 288 866

1057 387 1063 396 .
1147 334 1272 394 XXXUl.
1286 335 1320 392 ln
1332 338 1431 393 tumulo
1440 337 1553 396 lrorninis
1563 340 1659 411 [elicis.
1709 323 1711 328 '

1007 447 1111 521 Sparge
1124 465 1201 507 mero
1213 451 1332 520 cineres,
1356 453 1426 511 bene
1441 454 1524 511 olenti
1539 465 1569 512 et
1581 457 1699 528 unguine
1711 457 1805 528 nardi,
1891 468 1896 476 ·

1043 539 1159 615 Hospes,
1175 553 1204 602 et
1216 544 1285 601 addc
1305 545 1376 603 rosis
1390 546 1512 604 balsama
1527 549 1659 620 puniceis.

1007 632 1171 706 Perpetuum
1187 636 1253 694 mibi
1269 652 1317 694 uer
1329 640 1383 711 agit
1394 638 1600 712 illacrymabilis
1611 657 1691 702 urna.

1042 724 1369 797 Etcomtnutarisaecnla,
1384 746 1438 787 non
1453 732 1520 789 obii.

1006 815 1085 874 Nulla
1100 818 1165 876 mibi
1177 822 1280 879 veleris
1292 823 1436 893 perierunt
1448 824 1546 897 gaudia
1561 826 1624 884 vitae
1637 846 1643 880 ι

1042 911 1096 969 Sco
1107 913 1265 971 meminisse
1277 923 1357 988 putes
1369 917 1477 984 omnia,
1489 918 1548 975 sire
1560 918 1640 975 nibil.

1144 1049 1279 1107 xllxlll.
1292 1052 1451 1125 Sepulcrum
1461 1054 1523 1114 Gari
1532 1070 1651 1112 ιιειιιιι.

1004 1163 1047 1222 blo
1058 1163 1122 1232 sibi,
1133 1173 1161 1223 et
1175 1166 1265 1237 uxori,
1280 1178 1307 1225 et
1320 1168 1395 1225 uatis
1406 1185 1555 1229 commune
1568 1173 1726 1245 sepulcrum

1039 1256 1189 1342 Constituit
1205 1275 1283 1318 seras
1294 1260 1381 1318 Carus
1393 1263 1427 1319 ad
1448 1265 1604 1336 exsequias.

1003 1351 1119 1423 Jamque
1131 1351 1178 1409 din
1194 1364 1370 1411 monumenta
1382 1364 1492 1426 vacant,
1507 1356 1597 1430 sitque
1608 1357 1659 1417 ista
1674 1361 1787 1432 querela

1038 1443 1160 1517 Longior
1176 1459 1184 1502 τ
1200 1454 1229 1503 et
1243 1448 1334 1503 ueniat
1345 1447 1441 1504 ordine
1453 1449 1569 1522 quisque
1578 1465 1640 1520 suo,

1003 1537 1137 1594 Nascendi
1151 1538 1197 1610 qui
1211 1540 1271 1611 lege
1284 1539 1363 1602 datiis
1379 1556 1388 1597 r
1404 1541 1597 1615 placidumque
1609 1558 1658 1617 per
1669 1560 1758 1602 :ovum

1038 1628 1267 1698 duodecumam
1281 1620 1326 1703 qui
1342 1633 1427 1702 prior,
1444 1634 1491 1691 ille
1500 1634 1586 1706 prior.

1144 1743 1291 1802 llllllllll.
1309 1745 1350 1801 Ex
1362 1747 1481 1820 sepulcro
1493 1747 1597 1806 Latinus
1610 1751 1667 1806 aire.

1000 1849 1063 1913 'Non
1078 1870 1188 1925 nomen,
1203 1871 1257 1912 non
1270 1872 1325 1928 qun
1338 1858 1459 1929 genitus,
1471 1861 1618 1927 nonundc,
1629 1860 1695 1932 qnid
1710 1862 1764 1934 cgi.

1039 1948 1129 2003 llutos
1142 1946 1169 2002 in
1187 1956 1319 2004 aeternom
1334 1964 1406 2016 sum,
1422 1949 1502 2019 cinis,
1518 1966 1591 2022 ossn,
1607 1949 1684 2008 nibil.

1003 2038 1063 2097 Νιιι
1076 2055 1148 2110 sum,
1163 2054 1214 2096 nce
1227 2041 1330 2096 ineram
1347 2042 1476 2112 :genitos
1489 2053 1578 2101 tamen
1592 2059 1608 2102 e
1622 2044 1709 2102 nilrilo
1722 2059 1802 2116 sum,

1041 2135 1129 2204 blitte,
1144 2150 1195 2193 nec
1209 2135 1360 2224 exprobres
1371 2139 1488 2210 singula,
1500 2141 1564 2196 talis
1577 2141 1644 2200 cris.

569 2351 651 2435 DE
687 2350 1012 2437 DUODECIM
1037 2349 1376 2439 CAESARIBUS

627 2489 690 2552 Per
703 2487 894 2552 Suetonium
911 2486 1141 2567 Tranquillum
1155 2487 1297 2568 scriplis.

318 2610 452 2669 Ausonius
464 2610 592 2686 Hesperio
605 2612 673 2684 pilio.
691 2611 723 2670 S.
739 2611 775 2692 D.

144 2723 343 2783 CAESAREUS
357 2739 498 2796 proceres,
512 2725 670 2797 inquorum
686 2740 770 2797 regna
784 2725 912 2783 secundis

144 2815 313 2874 consulibus
325 2815 429 2873 dudum
441 2815 565 2872 Romana
576 2816 698 2889 putentia
711 2818 806 2884 cessit,

147 2911 250 2983 Accipe
263 2910 306 2967 bis
319 2923 415 2979 senos,
428 2925 477 2967 sua
492 2926 628 2983 quemque
643 2910 814 2968 monosticha
825 2911 945 2984 signant,

144 3004 268 3075 Quorum
284 3019 333 3077 per
347 3008 455 3076 plenam
467 3003 569 3061 seriem
582 3003 732 3062 Suetonius
742 3004 809 3061 olim

998 2611 1090 2668 Tertia
1102 2610 1260 2671 bnitbiems
1271 2616 1424 2686 grassantia
1439 2625 1561 2690 tempora
1576 2619 1656 2677 GAll.

975 2768 978 2775 ,
998 2700 1172 2762 cosumus
1185 2684 1386 2764 belismum
1400 2705 1537 2779 duplicem
1550 2711 1635 2769 nam
1649 2731 1657 2770 :
1671 2714 1805 2775 arnono

998 2873 1179 2946 Tentumdcm
1196 2905 1331 2948 :summm
1342 2894 1441 2950 consul
1455 2894 1506 2951 sod
1519 2895 1608 2954 deluit
1622 2808 1765 2955 unaldum

998 2980 1114 3039 GALBA
1126 2999 1223 3052 senex,
1237 2985 1332 3044 ontio
1349 2986 1462 3057 lascire,
1479 2999 1507 3045 et
1520 2989 1627 3048 lamnae
1639 2989 1777 3050 lllTELLl
1792 3036 1802 3065 ,
1832 3020 1835 3037 ·

148 3095 277 3165 Rumina,
292 3086 452 3169 resgestas,
467 3100 607 3169 vitamque
622 3096 780 3169 obitumque
794 3098 909 3172 peregit.
960 3055 1150 3133 GT⁰¹²¹⁰⁰⁸
1163 3075 1243 3133 ¹⁴³¹i⁰
1260 3088 1406 3150 'mames
1422 3082 1637 3154 ”⁰⁵⁰³⁵“‘⁵‘²⁸t
1734 3124 1736 3127 ’

999 3162 1130 3223 interitus
1144 3166 1242 3239 dignos
1256 3171 1311 3226 vila
1327 3179 1492 3243 properante
1505 3174 1649 3244 probrosa.

998 3255 1098 3329 implet
1110 3258 1220 3316 lalalcm
1235 3260 1367 3318 decadem
1380 3264 1434 3321 sibi
1450 3264 1696 3327 VESPASIANUS.

978 3421 984 3432 ι
999 3346 1063 3416 Ter,
1075 3348 1233 3408 dominante
1248 3351 1340 3420 ullo,
1351 3355 1434 3426 cingit
1450 3370 1520 3412 riona
1534 3357 1626 3414 laurea
1641 3359 1741 3418 lanum
1759 3380 1765 3417 ε

998 3437 1172 3512 Quindecies,
1187 3445 1268 3499 saevis
1282 3446 1386 3514 potitur
1397 3445 1461 3501 dom
1481 3447 1624 3506 FRATER
1639 3451 1764 3511 babcnis.

250 3209 416 3267 Donouirlro
427 3210 460 3266 de
470 3210 562 3268 ordine
575 3201 636 3266 stt
650 3205 847 3284 imperatorum.

145 3325 256 3390 Primus
270 3326 388 3396 regalem
400 3315 530 3395 poteiecit
542 3324 663 3384 iltutus
675 3327 766 3383 aulam

145 3418 249 3489 cour,
262 3428 291 3476 et
300 3418 464 3477 AUGUSTO
484 3435 584 3476 nornen
601 3418 782 3489 transcripsit,
797 3426 826 3474 et
843 3434 959 3508 arcem.-

144 3512 293 3585 Prirignus
301 3520 365 3583 post
377 3512 449 3574 bone
459 3521 557 3584 regnat
565 3509 659 3568 NERO
669 3509 856 3581 CLAUlllUS,
867 3527 881 3567 a
893 3526 948 3583 quo

144 3602 283 3670 CAESAR,
299 3617 450 3675 cognomen
461 3601 561 3674 Uoligae
574 3603 617 3659 cui
628 3612 718 3659 costra
733 3602 878 3676 dederunt.

142 3695 947 3769 CLAUDlUSbinopotiturrogno,postquemllEROsaevns

147 3787 270 3848 Ultimus
281 3787 445 3846 AEneadum.
460 3788 526 3845 Post
534 3787 607 3846 bunc
621 3797 688 3856 tres,
697 3803 747 3844 nco
761 3789 847 3846 tribus
856 3789 946 3855 antris;

146 3880 267 3940 GALBA
281 3896 378 3950 senex,
395 3881 496 3939 irustra
508 3882 584 3939 socio
597 3882 718 3938 conlisus
731 3883 811 3940 inerti
826 3900 833 3937 r

145 3974 236 4032 Alollis
249 3973 363 4045 otilo,
378 3974 471 4030 inlami
488 3989 537 4046 per
549 3974 646 4032 ¹inrum
660 3973 779 4047 degener
791 3988 872 4032 suso:

147 4066 204 4125 lice
216 4082 304 4140 regno
317 4065 427 4140 dignus,
442 4081 493 4124 nec
507 4075 596 4123 morte
614 4062 797 4124 lllTELbiUS
806 4074 837 4123 ut
846 4066 896 4123 uir.

144 4158 194 4217 iiis
208 4158 345 4228 decimus,
361 4158 473 4231 lutoque
491 4157 595 4215 ascitus
605 4156 856 4234 VESPASlAllUS.

145 4250 182 4308 Et
194 4249 299 4310 ullos
313 4250 419 4323 imperii
431 4249 497 4308 ielis
508 4250 659 4319 brevitate,
675 4260 788 4308 secutus

147 4344 259 4415 unser,
273 4361 356 4418 quem
367 4345 511 4404 cubltllt
523 4344 593 4402 dixit
603 4360 653 4402 sua
667 4345 753 4401 Roma
766 4343 944 4404 bubonum.

313 4458 427 4534 Tempus
439 4459 542 4534 imperii
554 4457 613 4515 xil
628 4458 774 4516 Cesaram.

143 4572 279 4642 tultos,
290 4574 492 4653 ntperbibent,
504 4574 583 4633 diros
599 4574 741 4633 trieteride
753 4583 860 4648 regnat.

143 4664 333 4725 AUGUSTUS
345 4665 507 4748 postlustra
515 4665 611 4724 dacem
619 4680 670 4724 sex
682 4676 911 4739 prorogatannos,

144 4756 185 4815 Et
201 4765 242 4815 ier
254 4759 376 4829 septenis
388 4758 513 4830 geminos
525 4757 620 4814 nullo
639 4756 811 4816 CLAUlllUS
822 4758 908 4816 addit.

1250 3600 1289 3658 De
1301 3602 1426 3660 morlibttr
1438 3618 1539 3660 corum.

998 3736 1121 3796 lUblUS
1133 3735 1239 3795 interiit
1249 3736 1376 3795 UAESAR
1388 3750 1531 3812 grassante
1542 3752 1649 3799 senatu.

997 3829 1110 3888 Addidit
1120 3829 1311 3909 AUGUSTUll
1325 3830 1396 3888 diuis
1411 3841 1517 3890 mutum
1533 3843 1671 3892 senectus.

999 3924 1066 3984 Sera
1076 3940 1160 3983 senex
1173 3926 1286 3999 Capreis
1300 3927 1378 3983 exsul
1394 3926 1490 3984 nullo
1504 3928 1558 3985 lata
1573 3928 1689 4002 peregit.

999 4019 1123 4093 Expetiit
1134 4035 1231 4092 peenas
1241 4020 1276 4078 dc
1289 4019 1440 4079 UAESARE
1453 4021 1568 4079 Ulraerca
1591 4024 1692 4081 mollis.

997 4109 1172 4171 conuulsis
1185 4111 1311 4186 ambiguo
1324 4114 1461 4171 conclusit
1476 4113 1532 4170 lata
1547 4130 1667 4173 ueneno.

998 4205 1138 4263 llatricida
1149 4205 1243 4263 NERO
1257 4206 1361 4278 proprii
1381 4209 1435 4263 rim
1450 4207 1563 4278 pertnliu
1581 4210 1686 4266 crisis·
1808 4258 1811 4264 .

999 4296 1114 4355 GALBA
1131 4312 1216 4355 senex
1231 4297 1312 4369 periit
1324 4312 1398 4354 sacro
1412 4305 1568 4369 prostratus
1577 4298 1728 4358 olitorio.

1001 4391 1062 4447 llos
1077 4390 1148 4448 Utbo
1162 4390 1295 4460 lamosus,
1309 4391 1385 4448 clam
1397 4391 1446 4448 sed
1459 4401 1548 4450 morte
1561 4394 1675 4464 potitus.

960 4443 1282 4555 ”cismarinorum
1295 4482 1448 4555 perimendi
1461 4483 1730 4554 soepuanrrsuur.

1001 4573 1157 4632 Laudatum
1171 4575 1329 4647 imperium,
1345 4589 1420 4633 nrors
1434 4574 1504 4632 lenis
1523 4573 1750 4635 losrnstano.

1000 4666 1037 4723 At
1052 4665 1167 4737 TllUS,
1180 4661 1256 4725 orbis
1266 4682 1353 4736 amor,
1369 4667 1473 4740 rapitur
1488 4666 1652 4728 florentibus
1664 4670 1754 4728 aunis.

1002 4758 1802 4834 Seragravemperimuntmedjustapiacnla,FRATREM.

752 4967 1181 5072 TETRASTICHA.

263 5110 372 5172 Alalis
386 5113 580 5188 Caesareaeque
594 5113 628 5171 ud
642 5122 759 5186 temporo
771 5129 828 5169 rna.

141 5230 225 5292 Nunc
236 5238 265 5290 et
277 5231 438 5304 pradictus,
447 5240 478 5290 ct
488 5231 566 5305 regni
577 5239 652 5290 sorte
663 5237 810 5304 sequentes

180 5322 344 5396 Espedlam,
359 5325 451 5383 series
465 5339 534 5398 quos
548 5331 624 5382 tenet
637 5324 758 5396 imperii.

141 5415 276 5487 incipiam
290 5416 326 5473 ab
336 5416 415 5485 biso,
432 5431 651 5489 percurramque
662 5414 759 5474 ordine
773 5424 898 5487 cunctos,

178 5506 249 5567 Nori
262 5507 395 5567 Romanre
409 5523 478 5582 quos
496 5522 602 5566 memor
617 5506 749 5565 bistonio.

430 5621 450 5677 l.
467 5618 555 5681 latim
573 5619 671 5678 Gerar.
683 5625 692 5682 ,¹

139 5713 304 5789 imperium,
318 5715 390 5779 binis
399 5715 490 5776 inerat
502 5714 627 5775 solemne
636 5712 709 5789 quod
722 5711 789 5774 olim

1000 5151 1006 5160 .
1036 5110 1214 5180 Consulibus,
1229 5110 1324 5170 Cesar
1335 5112 1426 5172 lulius
1437 5113 1567 5173 obtinuit.

1001 5201 1059 5262 Sed
1074 5200 1158 5261 breue
1167 5201 1212 5276 jus
1227 5203 1315 5277 regni,
1331 5205 1391 5263 sola
1406 5205 1551 5265 trieteride
1564 5212 1682 5279 gestum,

1036 5294 1157 5387 Perculit
1170 5305 1284 5355 armata
1298 5298 1381 5356 lectio
1391 5313 1463 5356 smne
1476 5308 1556 5371 togae.

1218 5407 1250 5467 ll.
1267 5410 1425 5466 Octavianus
1437 5411 1580 5482 Angustos.

1001 5521 1089 5591 Ultor,
1103 5535 1301 5616 successorque
1315 5522 1414 5582 debinc
1424 5523 1564 5591 onustos,
1576 5521 1649 5580 idem

1034 5616 1128 5676 Uaesar
1143 5636 1149 5672 t
1164 5627 1193 5676 at
1206 5617 1320 5691 Augusti
1332 5619 1445 5677 nomine
1459 5617 1579 5675 nobilior
1592 5634 1602 5685 ;

1005 5714 1154 5788 longeio,
1166 5721 1195 5774 ct
1206 5727 1354 5788 numquam
1366 5711 1459 5772 dubiis
1470 5710 1570 5772 violata
1581 5716 1755 5788 potestas„
1815 5748 1820 5756 ·
