4150 6167
276 230 333 292 sna
904 232 934 288 C.
955 232 989 289 V.
1010 230 1128 301 sputu.
1148 228 1294 290 tutsuct
1873 229 1920 291 tot

349 346 430 421 341
445 345 571 403 Carceris
580 353 609 402 et
623 344 712 418 paenis
725 346 823 402 borum
835 345 934 404 solatia
947 348 1019 421 cepi.
1086 349 1111 410 A
1197 345 1327 417 Tegmina
1346 343 1381 401 de
1405 346 1511 416 magnis
1521 341 1615 416 qraclll
1630 355 1679 414 pro
1693 348 1771 414 parte
1781 340 1920 401 dabantur.

349 438 417 494 ‘lum
434 437 549 494 bomine
564 436 611 492 tali
628 435 798 508 respondent
811 452 878 494 noce
892 436 985 494 beati:

348 530 407 587 Non
424 530 547 587 meminit
557 539 678 587 nostrum
689 531 831 603 qnisquam
842 540 868 587 te
878 532 1075 589 riserenudum

347 623 404 682 Nec
419 625 499 681 lamis
513 639 673 696 oppressum
684 623 750 680 dnra
764 625 869 681 ditione
886 627 1002 689 notavit,

1198 438 1322 496 Carceris
1332 447 1379 495 aut
1392 446 1470 508 septo
1484 436 1623 503 claustris,
1639 434 1776 492 morbisve
1788 434 1888 506 jacenti

1199 531 1334 604 Umquam
1347 530 1453 587 visendi
1464 528 1562 586 solatia
1578 538 1669 584 nestra
1685 527 1807 583 luerunt.

1199 623 1249 679 llis
1261 622 1388 679 damnata
1400 620 1501 679 debinc
1516 617 1665 692 respondet
1673 619 1755 675 lartio
1770 618 1862 677 uerbis
1878 636 1883 673 ε

275 718 331 778 080
350 718 475 776 Carceris
488 726 535 773 aut
546 717 634 788 ptenis
647 719 773 774 meminit
793 717 896 775 vidisse
910 720 1074 777 revinctum.
1128 715 1183 772 000
1202 714 1279 771 llaud
1291 714 1418 786 equidem
1429 722 1553 770 nostrum
1573 711 1697 769 meminit
1710 721 1737 768 te
1747 710 1837 768 risere
1850 711 1920 782 quis·

350 810 528 882 Respondeas
537 810 590 866 iilis
604 810 677 866 dicet
692 820 748 866 tum
764 811 828 866 talia
837 810 940 882 juder:

349 903 490 961 Fratribus
504 903 555 959 ista
562 902 641 968 meis,
666 902 786 960 humiles
800 903 956 959 miserando
969 904 1078 963 labores

348 996 401 1068 Qui
411 996 488 1066 lecit,
500 1006 607 1055 certum
622 1005 665 1052 εει
680 996 788 1054 dulcem
803 998 873 1054 mibi
896 1013 998 1069 ponere
1022 997 1079 1054 ιιι-

351 1184 387 1240 dt
399 1197 460 1248 ιιε,
474 1180 580 1251 injnsti,
594 1180 679 1251 justis
693 1180 834 1239 succedite
844 1089 1042 1250 dammisimm·

277 1277 333 1334 085
352 1275 386 1332 Et
399 1277 488 1347 poenis
500 1289 610 1341 semper
620 1284 739 1332 mentem
755 1283 858 1332 torrete
872 1276 1029 1348 malignam,

350 1368 424 1436 Quas
436 1368 517 1424 Pater
537 1367 683 1424 horrendis
696 1366 820 1423 baratbri
834 1382 882 1439 per
896 1376 991 1441 stagna
1015 1383 1079 1437 pro·

353 1554 491 1611 bannonis
503 1552 632 1609 borrcndi
646 1553 738 1617 sociis,
751 1553 859 1625 ipsique
870 1460 1038 1622 paraiiiind!

350 1646 472 1719 Namque
485 1646 558 1702 sitim
569 1660 651 1716 passo
663 1644 800 1717 quondam
807 1644 874 1702 mibi
885 1647 982 1718 ιιιιιιι
1005 1646 1080 1702 nulla

1793 804 1890 878 [quarn

1202 899 1257 956 alut
1270 898 1342 968 sitis,
1358 908 1494 955 autsaenat
1516 896 1598 953 lamis
1609 911 1711 968 agrum
1726 895 1831 967 agitare
1854 895 1922 953 labo·

1806 986 1891 1062 [rem‚

1203 1083 1316 1154 llospita
1334 1080 1376 1139 rel
1391 1079 1471 1137 fessis
1481 1094 1577 1138 errare
1591 1095 1641 1151 per
1655 1078 1756 1152 oppida
1769 1078 1863 1148 rebus,

1204 1175 1330 1233 Carceris
1340 1182 1388 1231 aut
1400 1189 1522 1230 mersum
1532 1172 1629 1244 poeois,
1637 1173 1768 1229 morbove
1777 1180 1923 1244 meatum,

1203 1267 1240 1324 lit
1252 1265 1427 1322 tibisollicito
1436 1264 1515 1322 lieret
1529 1263 1670 1321 miseratio
1682 1264 1767 1334 justa.

1133 1358 1187 1418 500
1205 1360 1253 1416 llis
1266 1374 1356 1416 rerum
1373 1358 1446 1416 dicet
1460 1357 1592 1414 Dominus
1607 1374 1614 1410 z
1627 1355 1695 1413 Cum
1711 1366 1802 1414 restra
1814 1358 1925 1428 superbo

1204 1453 1285 1528 343
1298 1453 1427 1526 Anqrrstis
1437 1453 1518 1510 rebus
1527 1451 1623 1509 leritas
1636 1452 1687 1509 sub
1701 1451 1924 1519 cordetumebst,

1204 1547 1381 1619 Calcaritque
1404 1545 1523 1603 humiles
1547 1546 1686 1619 minimos,
1712 1559 1756 1603 me
1778 1547 1882 1618 sprevit
1900 1548 1925 1602 in

1817 1638 1893 1711 [illis.

349 1737 405 1796 tteo
420 1737 498 1794 lamis
513 1737 540 1793 in
553 1751 634 1807 poena
648 1736 725 1808 parui
736 1736 909 1792 miseramina
921 1737 1008 1809 panis,
1098 1742 1122 1804 Β
1208 1737 1272 1793 llaec
1285 1735 1329 1792 ubi
1343 1734 1511 1802 dictadabit,
1523 1735 1630 1792 meritis
1640 1748 1689 1791 sua
1700 1734 1811 1807 premia
1824 1732 1927 1792 reddet.

279 1831 335 1889 000
352 1829 434 1904 m
455 1828 665 1901 dutpercqrioa
681 1828 749 1886 mibi
760 1831 836 1897 tecti,
847 1831 952 1887 vestire
974 1845 1084 1901 parum·

979 1923 990 1997 l
1001 1939 1050 1996 per

1209 1831 1353 1889 AEternum
1369 1831 1462 1886 miseri
1479 1843 1558 1901 ptem
1573 1829 1711 1886 lodientur
1723 1828 1821 1900 iniqui,

1139 1924 1192 1983 505
1210 1924 1410 1995 AEternumqoe
1424 1923 1499 1979 salus
1509 1922 1592 1995 justis
1605 1936 1733 1979 concessa
1749 1922 1882 1979 manebit.

896 2035 1093 2096 uacaturus
1113 2038 1325 2096 VARlANTES.

315 2132 380 2190 018.
395 2130 503 2189 Westb.
520 2129 547 2185 in
563 2136 639 2186 textu
653 2142 715 2184 cnm
726 2126 802 2193 aid,
812 2127 931 2183 Carenis
945 2128 972 2181 in
984 2129 1084 2201 ponis,·

282 2204 316 2262 ad
332 2219 418 2276 marq.
430 2216 493 2259 cum
508 2201 580 2267 aliis,
592 2199 709 2256 Carceris
720 2210 745 2255 et
757 2200 849 2268 penis.

316 2275 382 2331 081.
402 2274 467 2329 tiss.
484 2273 571 2329 nostri
583 2286 646 2327 eum
657 2270 755 2336 Tom,
769 2271 848 2326 dicet.
873 2270 949 2339 did,
981 2269 1083 2342 aliique

280 2346 361 2407 editi.
386 2346 460 2401 dicit.

317 2416 382 2473 086.
392 2412 589 2487 lleq.,Westb.
602 2412 636 2468 ad
649 2427 747 2483 marg,
756 2413 814 2468 Οιι.
827 2427 843 2466 a
856 2427 912 2468 εει.
926 2426 976 2477 m.,
985 2411 1080 2481 Rom,

282 2489 400 2555 Possim,
413 2498 442 2544 ct
453 2486 511 2547 alii,
523 2483 660 2539 borrentiis
676 2482 802 2539 barutitri.
816 2483 974 2549 llld.,iias.,
990 2482 1080 2538 West.

280 2563 310 2615 in
325 2568 412 2621 textu,
428 2557 583 2612 horrendus.
594 2554 650 2611 ou.
666 2570 681 2609 a
695 2569 751 2611 sec.
766 2570 817 2620 ιιι.,
833 2554 930 2621 Toum,
946 2553 1079 2608 horrendi.

164 2680 167 2687 .
281 2630 364 2703 lleq..
379 2629 448 2693 Οιι.,
463 2626 611 2700 profundis.
630 2625 711 2681 Rom.
727 2624 892 2689 comeditis,
908 2624 1044 2708 profundi.

242 2739 249 2753 .
318 2701 383 2757 081.
399 2700 472 2759 tid..
485 2698 563 2762 Bas„
578 2699 716 2768 sociisque,
728 2697 827 2768 ipsique
836 2714 845 2763 ,·
860 2696 916 2761 alii,
931 2697 1019 2765 sortis,
1038 2700 1081 2766 ip-

281 2775 367 2844 sique,
382 2770 509 2826 uidelicet
524 2769 575 2839 ipsi
591 2768 719 2823 (immonni.

317 2845 382 2900 080.
403 2842 467 2898 tiss.
485 2842 570 2895 nostri
582 2854 645 2893 cum
658 2838 733 2902 tid..
746 2838 887 2903 Darentr„
906 2839 983 2901 itas..
1005 2840 1081 2908 parui

1134 2129 1226 2197 babai,
1239 2130 1292 2183 Ant
1304 2129 1452 2202 peqrinnmi
1463 2129 1533 2193 teeti,
1549 2127 1621 2199 qnod
1640 2127 1800 2199 liteniqioin
1812 2135 1929 2185 mentem

1133 2210 1259 2265 venerat,
1272 2211 1299 2255 ct
1311 2200 1448 2257 licuscbio
1461 2199 1597 2271 placebat,
1611 2198 1658 2270 qui
1670 2200 1738 2255 nibil
1749 2201 1854 2256 certius
1871 2199 1932 2258 lloe·

1134 2272 1200 2343 niqii
1216 2271 1373 2343 connjectura
1388 2270 1517 2337 alllrmat,
1533 2270 1609 2326 seda
1627 2271 1734 2340 rulqata
1751 2284 1804 2326 non
1817 2273 1929 2328 recedit.

1135 2343 1235 2398 Bidios
1247 2343 1410 2414 scriptoram
1436 2356 1607 2398 communem
1621 2342 1756 2414 pereqrina
1769 2341 1932 2414 interpreta-

1133 2424 1190 2485 tur,
1203 2415 1315 2486 teqmirm
1328 2413 1392 2467 mibi
1412 2413 1548 2485 pcrcqrino
1571 2411 1684 2467 mitbtu
1699 2428 1780 2493 :quae
1798 2413 1932 2482 interpra-

1134 2486 1201 2539 tatio
1228 2500 1281 2540 non
1303 2484 1441 2556 displiceo
1466 2484 1514 2540 sed
1543 2484 1629 2555 magis
1641 2485 1762 2553 placeret
1777 2484 1872 2551 lectio,
1884 2484 1933 2538 dut

1134 2557 1311 2626 percqrinanti
1326 2556 1397 2623 tecti,
1409 2565 1477 2622 etc,
1492 2555 1576 2626 siper
1590 2569 1657 2610 mss.
1672 2554 1780 2610 codices
1791 2556 1898 2612 liceret.

1168 2627 1230 2683 000.
1252 2626 1474 2682 Poelm.intextu
1485 2636 1541 2695 ant,
1558 2633 1585 2682 ει
1599 2641 1672 2682 vers.
1686 2625 1933 2698 seq.,Numquam.·

1134 2713 1183 2769 prn
1195 2699 1222 2753 d.
1238 2711 1261 2751 s.
1277 2698 1359 2764 troad,
1375 2706 1404 2753 ει
1417 2713 1490 2753 ιειε.
1519 2712 1578 2764 seq.
1596 2695 1735 2766 Umquam.
1757 2697 1826 2752 blss.
1850 2696 1935 2754 nostri

1134 2778 1270 2838 aut,etr.
1286 2784 1344 2834 seq.
1387 2766 1523 2837 Umquam.
1553 2766 1625 2823 Editi
1651 2769 1767 2823 variant.
1793 2767 1934 2825 Sententia

1133 2840 1228 2896 eadem
1254 2839 1423 2911 intelligitur.
1460 2839 1562 2907 Rom,
1592 2837 1741 2907 mendose,
1770 2851 1863 2913 cupra
1884 2854 1933 2910 pro

283 2915 449 2970 miseramina
462 2912 549 2981 panis,
561 2926 615 2980 quo
629 2909 738 2980 respicit
753 2909 837 2964 codes
853 2908 957 2964 bantini
974 2924 1082 2976 porcum
1134 2921 1216 2983 septo.

282 2986 412 3041 rmomina
425 2985 512 3066 portis.
529 2980 570 3037 Ex
585 2996 639 3051 qno
650 2991 729 3035 acute
741 2980 906 3049 conjiciebat
927 2978 1117 3047 lioenigius,C
1168 2982 1233 3038 001.
1250 2980 1336 3052 lleq.,
1356 2990 1384 3036 ει
1405 2997 1421 3037 a
1442 2996 1484 3052 pr.
1501 2997 1538 3036 m.
1554 2978 1622 3047 ou„
1645 2981 1789 3054 respondit.
1806 2980 1883 3051 Alii,
1898 2997 1937 3036 re·

284 3056 313 3112 Ν
315 3074 341 3112 ec
355 3056 470 3126 samiera
484 3051 564 3124 poenis
577 3050 641 3105 milti
655 3068 732 3118 pomo
747 3051 877 3106 sesamino
897 3052 983 3122 ponis.
1001 3050 1081 3105 Poel·

285 3142 373 3189 ιιιιιιι..
388 3126 489 3191 aliique
501 3122 580 3187 editi,
594 3123 667 3194 porti
682 3122 745 3175 milti
760 3122 891 3193 sraqntina
916 3123 1004 3194 panis.
1020 3120 1081 3175 Non

285 3199 394 3269 reperio
407 3196 516 3268 quidem
526 3194 598 3264 apud
611 3202 717 3249 veteres
727 3194 841 3248 verbum
855 3193 1018 3257 miseramur,
1032 3190 1081 3247 sed

283 3270 433 3336 qerrtninum
458 3273 523 3337 puto
545 3266 571 3320 in
596 3264 718 3321 iuuenco
747 3279 797 3333 pro
819 3263 964 3325 miseratio,
990 3263 1083 3318 Poetae

284 3338 433 3396 Christiani
445 3351 522 3392 more
537 3334 655 3391 Lucretii
670 3334 858 3404 hujuscemodi
869 3334 1082 3389 vocabulaama·

285 3412 361 3478 bant,
376 3418 405 3466 ιιι
418 3423 565 3483 peccamen,
579 3421 699 3479 auqnten,
717 3405 867 3470 lateranum,
885 3422 997 3472 momen,
1009 3421 1085 3459 uoco-

285 3498 354 3543 tnen.
372 3482 556 3553 qiomeramcm
585 3477 721 3537 duranren,
743 3475 893 3543 dequibus
914 3477 978 3532 ride
1003 3475 1086 3530 Com-

285 3563 372 3609 ment.
386 3551 420 3607 ad
433 3549 612 3607 Prudentium
626 3549 645 3602 Ι.
658 3563 676 3602 ιι
690 3555 784 3603 contra
795 3548 900 3617 Symm.
914 3561 989 3603 vers.
1003 3547 1083 3602 1010.

284 3624 388 3680 Verum
412 3638 473 3677 cunr
499 3621 636 3677 lirreucus
663 3617 729 3673 alibi
751 3618 882 3689 {sequane
897 3618 976 3689 farris
990 3626 1017 3673 et
1028 3620 1085 3741 ga·

285 3694 458 3767 pntinapauis
473 3691 586 3759 dixerit,
608 3688 764 3759 conjectura
786 3703 840 3744 uon
865 3689 933 3743 tnala
955 3697 1008 3747 est,
1058 3703 1085 3742 ce

286 3766 363 3837 [anus
386 3766 413 3819 iu
437 3780 512 3836 poeno
538 3761 690 3833 pertissima
717 3761 850 3833 srnqminu
870 3761 956 3831 patris.
991 3758 1086 3815 Facile

285 3837 470 3905 exscriptores
483 3831 647 3887 deterruerit
660 3830 772 3885 uerbum
784 3832 949 3903 pareusimn,
973 3845 1028 3903 quo
1044 3840 1086 3885 tt·

286 3922 350 3962 men
365 3920 430 3961 osus
444 3910 487 3959 est
500 3901 598 3967 larro,
612 3915 662 3955 nec
673 3902 757 3956 semel
774 3900 927 3956 Lueretius.

321 3977 386 4034 000.
401 3974 481 4045 Repp,
492 3973 600 4037 ottob„
609 3970 752 4035 baronte..
764 3971 838 4036 ald..
849 3971 945 4037 Febr„
958 3971 1085 4036 bladam..

285 4047 402 4113 Pnelrn„
415 4047 465 4099 dut
476 4046 611 4114 pereqrina
622 4041 696 4096 nott.
709 4039 804 4105 Rom..
820 4054 960 4110 corrupte,
977 4047 1027 4097 Aut
1040 4059 1087 4115 pe·

285 4120 390 4190 reqrina
402 4115 466 4170 miii
480 4115 583 4170 tectisue
596 4128 743 4185 parumper.
765 4110 876 4169 Westb.
890 4115 972 4168 etiam
988 4114 1086 4182 edidit,

288 4190 338 4244 iat
348 4185 574 4262 pereqrinamiiti;
590 4183 639 4240 sed
653 4185 752 4239 Badius
763 4194 792 4239 ut
803 4198 837 4240 es
852 4182 925 4239 notis
938 4185 1086 4256 colligitur,

286 4260 399 4330 legerat,
413 4267 460 4314 aut
470 4259 624 4326 suspicatus
637 4255 737 4322 iuerat,
753 4253 805 4309 Aut
824 4256 1002 4326 pereqrinouti
1013 4256 1085 4321 tecti,

285 4342 339 4386 etc.
354 4324 515 4386 Gallandius
528 4326 628 4395 edidit,
643 4325 695 4380 Aut
712 4326 850 4397 pereqrim
869 4327 943 4395 mibi,
960 4325 1007 4383 sed
1023 4343 1088 4397 pro·

1133 3054 1254 3177 sponqet,
1266 3053 1340 3123 qnod
1356 3052 1471 3110 lortasse
1480 3051 1591 3124 ponitur
1605 3066 1655 3124 pro
1669 3051 1849 3124 respondebit,
1864 3069 1880 3109 a
1894 3067 1935 3108 re·

1133 3140 1198 3194 spon
1219 3140 1244 3177 a.

1168 3195 1232 3250 093.
1242 3194 1310 3258 Οιι.,
1326 3195 1431 3252 Poelm.
1442 3210 1491 3266 pro
1500 3195 1572 3262 d.s.,
1582 3194 1663 3250 Haud
1674 3194 1793 3266 equidem
1807 3204 1938 3259 noeman·

1135 3264 1270 3335 Plerique,
1281 3264 1363 3321 Haud
1383 3283 1503 3334 umquam
1526 3277 1653 3322 nostrum.
1669 3268 1737 3338 lleq.
1759 3268 1860 3323 scribit
1877 3266 1937 3321 Aut.

1134 3334 1287 3392 llenseliius
1302 3346 1377 3394 tenet
1393 3335 1472 3393 bland
1485 3338 1614 3410 equidem,
1631 3337 1704 3409 quod
1729 3340 1811 3410 lonqe
1836 3338 1941 3409 signill-

1134 3409 1241 3462 cantion
1253 3415 1339 3477 putat,
1356 3423 1437 3478 quant
1452 3407 1534 3464 Haud
1548 3425 1684 3483 umquam.

1170 3477 1235 3534 088.
1255 3477 1325 3547 Οιι.,
1339 3479 1480 3551 morboque
1490 3498 1500 3546 ,·
1511 3480 1569 3547 alii,
1586 3480 1715 3536 morbove.

1171 3550 1233 3604 500.
1252 3549 1330 3617 bles,
1349 3549 1398 3604 tin
1409 3566 1496 3605 rerum
1509 3551 1577 3607 dicet
1601 3553 1732 3607 dominus.
1750 3550 1777 3607 ln
1789 3551 1852 3609 ott.
1868 3567 1884 3607 a
1899 3566 1941 3623 pr.

1136 3634 1173 3675 ιιι.
1190 3620 1240 3674 init
1253 3621 1325 3675 dicit.
1342 3620 1426 3686 sdttt,
1438 3620 1490 3676 iiis
1500 3638 1587 3678 rmum
1600 3621 1728 3679 Dominus
1745 3623 1828 3680 dicet.

1172 3690 1234 3747 501.
1245 3690 1399 3748 Reuscbius
1408 3706 1470 3748 cum
1484 3694 1604 3750 limeisio
1617 3693 1741 3768 Anqustis
1752 3695 1847 3758 rebus,
1860 3694 1889 3749 lt.
1904 3708 1942 3759 ι.,

1138 3760 1311 3818 florentibus.
1326 3763 1390 3830 Atti,
1406 3765 1531 3836 Anqustis
1545 3764 1631 3833 rebus,
1647 3780 1745 3835 nempe
1757 3765 1896 3821 aliorum.

1173 3833 1235 3888 505.
1252 3835 1379 3900 lindam,
1394 3834 1498 3891 Poeim.
1514 3835 1541 3891 in
1559 3845 1646 3901 terto,
1662 3834 1723 3891 sid.
1738 3836 1825 3891 dedu.
1844 3835 1942 3891 lleiius

1137 3905 1308 4029 qussdnqstri
1319 3920 1382 3963 cnm
1393 3903 1489 3975 Tom,
1504 3905 1600 3974 raon,
1609 3905 1863 3965 dabit.llenscbius
1875 3920 1946 3978 prar-

1149 3985 1191 4031 ert
1224 3991 1239 4029 e
1259 3977 1289 4029 it.

1174 4046 1236 4102 501.
1250 4045 1321 4115 Οιι.,
1338 4063 1430 4121 ponc,
1445 4062 1526 4118 supra
1540 4066 1626 4121 pena.
1641 4048 1786 4107 Fabricius
1805 4049 1881 4123 legit
1895 4047 1947 4105 Δι’·

1139 4124 1212 4171 urna
1223 4117 1366 4193 (miserum)
1375 4134 1461 4190 poena,
1475 4129 1503 4176 et
1515 4121 1633 4177 advertit
1643 4120 1671 4176 in
1683 4120 1846 4178 comment.
1859 4121 1947 4178 serbo

1138 4188 1269 4256 miserum,
1297 4191 1367 4247 banc
1387 4205 1480 4247 rocem
1505 4206 1566 4248 esse
1590 4192 1749 4261 particulam
1768 4192 1900 4248 dolentis
1920 4191 1947 4245 io

1140 4260 1308 4328 parenthesi.
1322 4260 1377 4318 Sed
1393 4276 1459 4318 mss.
1475 4262 1562 4318 nostri
1576 4277 1637 4318 cnm
1651 4263 1712 4320 aliis
1730 4262 1820 4320 editis
1843 4262 1951 4320 babeat

1139 4328 1280 4387 AEternum
1292 4334 1381 4389 miseri
1396 4348 1481 4404 pena,
1496 4333 1571 4404 qnod
1586 4335 1673 4406 magis
1685 4334 1768 4391 etiam
1785 4336 1894 4406 placet.

1062 4416 1178 4478 NOTAE.

319 4517 481 4576 ileoenis
496 4517 593 4575 iterum
604 4532 677 4574 vers.
691 4517 746 4572 080
762 4533 769 4570 :
785 4515 902 4570 Carceris
925 4524 969 4569 aut
986 4515 1076 4585 penis.
1091 4514 1118 4574 D
1131 4531 1243 4585 parrum
1272 4519 1355 4576 etiam
1382 4520 1531 4591 aliquando
1556 4520 1680 4578 denotat.
1704 4520 1777 4579 vrrs
1794 4522 1818 4577 1.
1836 4538 1857 4589 ι,
1874 4534 1948 4579 vers.

285 4590 337 4647 llic
349 4607 423 4663 pena
435 4605 483 4654 nro
497 4589 569 4645 malo
581 4589 692 4660 ponitur
707 4604 715 4642 ε
731 4601 793 4642 nam
804 4586 886 4666 justis
901 4588 1009 4657 proprie
1022 4600 1081 4656 poe·
1135 4586 1198 4642 501.

286 4676 320 4716 ιιι
334 4677 387 4716 ιιι
398 4659 537 4729 infligitur.

1169 4656 1234 4716 096.
1256 4661 1362 4733 Aqitare
1376 4663 1504 4733 laborem,
1522 4664 1649 4722 videlicet
1664 4675 1690 4722 te
1703 4665 1823 4737 aqitari,
1854 4663 1952 4722 vexari

321 4730 386 4787 018.
406 4729 509 4786 Rursus
532 4745 605 4788 vers.
628 4726 804 4787 005ε11ιιι1
827 4726 945 4796 equidem
965 4735 1081 4783 nostrum
1135 4743 1208 4799 aequo
1222 4731 1325 4788 labore.
1340 4733 1490 4790 lleuscirius
1504 4740 1626 4805 exponit,
1642 4752 1705 4793 curn
1717 4737 1873 4793 laboribus
1894 4735 1953 4792 ool·

286 4801 436 4856 ιιιιιιιιιίιιι
448 4801 528 4856 uisere
552 4802 697 4872 quisquam.
938 4852 944 4862 ,

321 4872 385 4928 stu.
407 4868 521 4937 Dicisne,
536 4873 661 4940 imperio,
677 4869 791 4940 etquasi
807 4868 958 4941 tyrannide.
974 4868 1083 4925 Nomou

286 4942 489 5007 animaduertit,
500 4942 578 5005 sidit,
594 4940 759 4997 observavit.

1135 4802 1242 4856 luctari.
1256 4801 1301 4860 Sic
1310 4804 1422 4869 dicitur,
1437 4806 1497 4860 Acti
1509 4805 1609 4864 iabores
1617 4808 1743 4882 jucundi.

1174 4872 1235 4928 tit.
1260 4864 1398 4947 Hospitis,
1424 4876 1586 4945 adjectivum
1609 4895 1625 4934 a
1646 4881 1735 4948 poetis
1758 4889 1950 4952 risurpatnm.

1137 4940 1225 4998 Fossis
1250 4946 1336 5010 rebus,
1364 4945 1481 5002 alilictis.
1499 4944 1604 5004 Plinius
1615 4949 1635 5004 Ι.
1646 4964 1676 5017 ιι,
1691 4966 1717 5007 ι.
1732 4951 1749 5006 ’1
1766 4969 1775 5005 :
1799 4951 1951 5023 Vespasia-

320 5013 385 5069 080.
402 5011 526 5074 Labores,
538 5011 718 5080 calamitates,
732 5026 879 5069 erumnas.
900 5011 1000 5069 Cooler
1020 5027 1081 5067 rar.
1133 5030 1181 5069 ιιι
1197 5016 1331 5087 suquatur
1343 5017 1418 5087 fessis
1440 5017 1516 5073 rebus
1530 5019 1691 5076 subveniens.
1710 5022 1853 5091 Virgilius
1871 5026 1890 5078 Ι.
1909 5036 1951 5089 rr,

285 5086 347 5142 lect.
360 5083 394 5139 ad
410 5099 481 5138 vers.
496 5083 532 5139 08
547 5084 566 5138 Ι.
578 5098 618 5138 ιιι.

1133 5100 1207 5142 vers.
1232 5086 1305 5143 355:
1322 5086 1453 5143 Consulite
1472 5090 1500 5143 in
1515 5091 1639 5162 medinm,
1655 5093 1769 5164 atsutia
1795 5094 1952 5150 seemriu

320 5155 385 5212 085.
409 5153 520 5219 Ponere,
550 5167 598 5224 pro
626 5154 760 5224 posuisse,
774 5162 805 5211 ιιι
828 5152 928 5210 Radius
950 5153 1080 5224 explicat,
1133 5156 1220 5211 rebus.

286 5237 393 5296 tempus
409 5241 458 5293 pro
473 5235 595 5289 temnere
608 5240 642 5280 ειι
655 5240 707 5280 usu
721 5225 845 5282 cadentis
859 5224 1024 5280 Latinitatis.

1170 5227 1234 5284 0οι.
1259 5228 1390 5296 Sollicito,
1406 5232 1488 5287 anxio
1501 5234 1575 5289 curis
1590 5233 1698 5292 aneon.

319 5298 383 5353 088.
404 5295 494 5353 roera
506 5294 594 5352 Graeci
606 5295 706 5351 inieras
720 5295 909 5351 damnatorum
925 5294 1021 5351 dornos
1035 5296 1082 5350 ba·
1171 5298 1234 5354 500.
1256 5299 1375 5358 Humiles
1389 5304 1520 5358 minimos.
1534 5305 1667 5377 Vulgata:
1683 5304 1735 5362 Uni
1747 5307 1954 5362 seminariis·

284 5368 413 5435 sutirum,
443 5380 542 5437 nempe
570 5367 724 5437 roraqinem
741 5366 916 5437 profundam,
933 5367 1080 5424 vocabant.
1134 5368 1184 5424 isis.
1201 5370 1488 5429 l'ersioltalaretus:
1506 5373 1604 5431 Unica
1623 5377 1735 5433 minimis
1756 5378 1821 5445 itis,
1842 5374 1955 5435 ειιιιιιιιΙ

286 5437 349 5492 lude
358 5438 446 5494 Larini
460 5450 547 5509 poet-u
558 5439 759 5497 traduxerunt..
767 5437 904 5508 praecipue
915 5437 1081 5505 cintsrtani,
1136 5440 1168 5494 dc
1181 5442 1294 5497 ririninuis
1306 5444 1374 5509 istis,
1395 5453 1443 5500 aut
1454 5447 1500 5501 uni
1511 5446 1603 5501 borum
1614 5450 1800 5504 minimarum.

284 5518 314 5561 ιιι
341 5512 472 5579 exemplis
497 5508 621 5574 iuuenci,
636 5516 664 5564 et
676 5508 789 5564 aliorum
802 5511 899 5580 probat
918 5507 1047 5565 Bartlrius
1062 5509 1081 5564 1.

284 5591 354 5632 rnre
371 5580 486 5636 Advers-
498 5593 559 5648 cap.
574 5581 602 5646 8,
615 5580 667 5636 col·
684 5578 766 5636 1016.

282 5676 304 5718 ι,
318 5648 382 5703 088.
408 5650 485 5703 Sirim
498 5666 583 5720 patro,
598 5661 629 5705 ut
640 5654 727 5721 samen
741 5667 843 5723 possus.

318 5715 382 5770 001.
408 5715 507 5771 (ἷιιειιι
520 5735 567 5786 pro
580 5730 665 5789 parte,
677 5735 727 5790 pro
741 5724 842 5792 exiqun
856 5732 944 5792 parte.
971 5722 1084 5780 Gracilis

1170 5513 1236 5569 501.
1251 5512 1327 5569 Libr.
1353 5530 1383 5582 u,
1408 5530 1437 5569 r.
1453 5518 1532 5573 snb:
1557 5516 1713 5593 iudicioque
1732 5521 1819 5590 pruni
1842 5521 1955 5575 naim

1137 5598 1275 5653 crsurqerc
1290 5601 1392 5655 prauos.
1418 5584 1521 5645 Fodcre
1538 5591 1675 5663 significat
1693 5593 1784 5647 otiam
1811 5605 1955 5665 pungere.

1138 5653 1291 5723 stimulare,
1318 5657 1501 5727 transfodere,
1525 5670 1555 5718 et
1578 5661 1631 5718 boc
1654 5662 1715 5719 loco
1736 5676 1871 5732 vexare,
1900 5672 1957 5719 tor·

1138 5738 1232 5795 quere.
