4150 6167
177 184 234 244 849
378 250 383 269 ,
524 221 530 230 ·
893 195 1127 260 londoniis.

251 303 337 363 llllll.
361 306 472 365 Seuerus
492 309 745 384 Censoriuiiouor,
767 331 903 374 corrroccr.
990 316 1016 379 A
1057 327 1060 332 ’
1101 320 1253 384 Fiebiiibus
1266 330 1396 401 modulis,

177 397 314 471 Desinite,
329 416 347 457 o
362 410 482 470 ueteres,
497 403 645 477 Calpurnia
660 409 783 477 uomina,
800 408 903 481 Frugi,

211 489 249 549 iit
263 493 406 564 proprium
422 493 475 552 boc
490 505 588 554 restam
601 500 690 571 peritis
705 499 808 558 babere
821 501 917 560 decus.

175 583 231 642 lieo
244 585 322 643 solus
332 600 444 660 semper
453 586 557 646 Censor
567 589 646 660 Cato,
660 591 780 649 nescibi
793 592 869 651 solus
900 661 903 667 ¹

208 674 305 736 iustus
320 677 455 737 Aristides
468 678 511 736 bis
524 680 651 753 placeant
662 682 759 741 titulis.

173 769 241 829 itan
257 773 367 845 sapiens
378 774 541 847 quicumque
556 775 622 846 luit,
639 793 789 852 uerumque
800 777 939 852 iidemque

207 864 261 934 Qui
273 865 371 934 coluit,
385 868 515 926 comitem
527 883 559 927 sc
573 871 633 940 tibi,
647 871 765 940 Censor,
778 863 852 946 a'qat.

172 955 213 1014 'lu
226 958 321 1030 paris
332 970 361 1017 et
375 960 474 1031 comis,
488 977 550 1020 eum
562 964 726 1039 iustitiaque
742 968 888 1041 remissus,

205 1051 334 1108 dusteris
350 1050 449 1109 doctus
460 1053 578 1130 iungere
591 1060 765 1131 temperiem.

169 1137 211 1199 Tu
226 1154 284 1198 oon
296 1140 405 1199 adscito
417 1143 466 1201 tibi
477 1160 532 1216 me,
548 1161 600 1205 nec
612 1149 745 1224 sanquine
757 1150 868 1223 luneio,

203 1232 313 1305 optasti
327 1243 438 1292 nostras
452 1238 615 1298 consociare
625 1240 733 1301 domos.

171 1321 278 1397 Nempe
290 1324 383 1399 aliqua
398 1327 518 1386 innubis
533 1346 640 1389 morum
656 1334 805 1393 simulacra
818 1345 927 1395 tuorum

204 1417 317 1491 Eldpies
329 1420 419 1477 nostri
435 1422 552 1493 praeboit
565 1424 679 1498 ingenii.

168 1510 224 1566 dut
234 1510 293 1580 jam
310 1510 427 1570 iortunae
439 1513 480 1571 sic
494 1530 526 1573 se
540 1518 646 1591 rertipo
657 1520 776 1590 rotabat,

205 1602 242 1661 tlt
255 1603 364 1676 pondus
376 1607 441 1663 latis
455 1616 510 1666 tam
523 1610 596 1669 bona
610 1621 672 1671 uota
684 1614 792 1673 darent.

1063 412 1202 474 Germana
1215 421 1334 494 genitus,
1350 441 1436 500 prope
1452 429 1540 501 itlius,

1098 508 1152 567 Ore
1165 512 1212 583 pio
1226 529 1356 575 veneror.

1061 599 1147 670 Quam
1163 604 1296 677 thalamo,
1314 610 1446 685 taedisque
1457 614 1599 688 jugalibus

1041 709 1054 769 f
1097 691 1194 751 lurida
1210 712 1285 755 mors
1299 702 1410 774 rapuit:

1060 782 1228 859 lintaritque
1243 790 1353 850 tiorum
1364 794 1458 854 ieretri
1473 799 1533 856 rice

1096 877 1271 953 Exsequialis
1284 884 1384 944 bonor.

1059 969 1229 1031 lliscebusiu
1245 992 1300 1049 me,
1314 989 1479 1051 matertera,

1093 1063 1341 1128 ilaterutiiteres.
1403 1089 1408 1102 “

1058 1155 1137 1215 Unde
1151 1159 1233 1228 modu
1248 1162 1302 1220 boc
1316 1175 1444 1225 moestum
1461 1167 1509 1226 tibi
1520 1170 1617 1231 deiero

979 1287 981 1291 »
1094 1248 1328 1312 Filiusolllcium.

1167 1367 1264 1427 xxvi.
1277 1372 1353 1430 iulio
1365 1372 1564 1450 casapindola,
1581 1382 1675 1439 ansts.

1018 1476 1090 1549 Quin
1102 1489 1129 1538 ct
1144 1481 1264 1542 funereis
1278 1487 1390 1544 amitam
1405 1490 1550 1564 impartire
1563 1496 1686 1566 querelis

1054 1573 1129 1633 liusa
1142 1576 1368 1649 Catapirroniam.

168 1692 199 1751 st
211 1694 278 1766 quid
290 1694 474 1770 apudjllaocs
487 1700 589 1770 sentis,
606 1703 681 1762 louet
694 1705 748 1766 boc
762 1707 812 1766 tibi
825 1717 963 1767 mentem·
979 1666 1122 1764 13¹¹¹¹¹⁰ba
1134 1666 1243 1728 ΜΝ
1255 1688 1317 1745 ‘¹⁰²³
1331 1675 1495 1747 ”minimus
1506 1694 1640 1752 ΝΜ·
1696 1749 1700 1758 ·

201 1786 282 1858 Quod
293 1789 354 1846 lieri
365 1798 487 1863 optares,
504 1793 531 1852 id
546 1795 669 1858 voluisse
680 1801 779 1859 Deum.

200 1902 297 1962 xxul.
320 1903 655 1987 sustinuerimque,
700 1920 730 1977 lii
754 1920 881 1996 Paulini,
905 1936 930 1984 et

392 1979 547 2055 dispertire
556 1990 654 2045 sororis
668 1919 742 2069 iiio.

161 2091 216 2163 Qoi
230 2085 332 2152 nomen
346 2096 507 2172 vultumque
521 2104 758 2183 patris-Pauline,
770 2117 898 2188 gerebas,

199 2185 303 2246 Amissi
316 2188 458 2262 specimen
472 2196 519 2265 qul
532 2198 666 2268 yeruitoris
679 2217 741 2260 eros
755 2222 763 2263 s

160 2273 280 2348 Propter
291 2295 372 2353 quem
386 2282 476 2342 luctus
491 2286 600 2347 misero.
613 2291 747 2354 decedere
762 2295 858 2358 matris

195 2368 337 2441 ceperat,
353 2373 466 2435 oberret
476 2394 538 2436 cum
553 2392 598 2439 tua
613 2384 701 2443 iorum
717 2399 843 2461 patrem:

158 2459 302 2521 Redderes
316 2474 345 2523 ct
359 2483 461 2540 utores,
474 2482 502 2530 et
517 2475 639 2535 moribus
653 2479 768 2541 adderet
779 2485 856 2557 illud,
961 2521 965 2527 ·

194 2554 433 2632 Paulinuscarnit
447 2581 502 2637 quo
516 2578 604 2640 pater,
619 2574 773 2647 eloquium.

157 2651 284 2725 Eriperis
297 2656 378 2728 istis,
394 2667 423 2717 ct
437 2662 649 2733 pubescentibus
662 2671 740 2730 nortis
756 2690 763 2729 :

192 2746 340 2822 crudaque
355 2751 446 2813 ndlruc
459 2758 555 2815 matris
572 2770 682 2833 pectora
697 2766 839 2828 sollicitas.

157 2837 271 2898 Plemus
285 2844 359 2901 enim
374 2859 480 2918 raptum
497 2851 608 2912 thalami
622 2857 657 2916 de
671 2860 738 2918 sede
748 2876 884 2938 sororem,

193 2932 275 2990 lieul
290 2951 343 2993 ooo
359 2948 467 2998 maturo
477 2941 587 3016 iuuere,
603 2949 762 3023 Dryadiam.
884 3019 886 3024 ,

955 1753 964 1780 ’
1052 1758 1194 1831 Parcaque
1208 1776 1277 1819 anus
1291 1765 1389 1821 coluit.

1016 1851 1053 1909 lit
1068 1852 1137 1910 milui
1148 1855 1222 1927 quod
1236 1859 1335 1928 potuit,
1347 1858 1474 1932 quamtis
1488 1861 1523 1919 de
1537 1877 1658 1936 paupere
1668 1880 1794 1940 summa,
1812 1872 1816 1891 ¹

1051 1946 1140 2004 blater
1151 1948 1202 2018 uti,
1217 1950 1354 2009 attribuit.

1015 2039 1090 2113 Ergo
1104 2053 1332 2116 commemorata,
1347 2047 1405 2106 dre
1420 2067 1426 2103 :
1444 2059 1626 2125 moestumque
1641 2065 1748 2126 vocata,

1051 2132 1107 2190 Pru
1119 2136 1265 2207 genitrice,
1280 2137 1358 2197 Vale.

1185 2254 1384 2316 xxviiidie
1402 2260 1636 2334 Venerio,ouritc.

1049 2363 1085 2420 dt
1100 2365 1182 2422 arulta
1198 2366 1315 2425 Veneria
1333 2372 1489 2442 properiter
1498 2374 1576 2432 obiit.

1049 2458 1098 2515 Cui
1111 2460 1203 2517 breuia
1217 2462 1289 2519 mela
1303 2463 1429 2522 modiiiea
1443 2466 1549 2525 recino.

1048 2550 1125 2609 (linis
1138 2553 1178 2611 uti
1193 2552 1329 2626 placidula
1343 2571 1443 2629 supera
1454 2559 1555 2632 rigeat,

1046 2646 1188 2722 celeripes
1201 2658 1229 2707 et
1241 2650 1324 2708 adeat
1335 2652 1394 2711 loca
1405 2655 1487 2712 tacita
1502 2655 1596 2714 Erebi.

1145 2764 1268 2824 xxlltt.
1282 2765 1357 2824 lotia
1369 2766 1477 2839 idalia,
1492 2772 1661 2829 consobrino.

991 2919 1002 2942 ,
1119 2877 1206 2936 Parra
1220 2880 1301 2938 etiam
1313 2879 1366 2939 tuit
1377 2879 1474 2950 idalia,

1118 2970 1234 3029 Nomine
1248 2973 1362 3045 predita
1374 2990 1435 3045 quse
1448 2974 1574 3046 rapula,

156 3022 270 3083 Flemus
282 3046 290 3082 :
301 3031 392 3100 epoio
403 3034 512 3106 prirnis,
527 3040 574 3110 qui
588 3043 685 3101 matris
695 3050 859 3123 auunculus,
870 3063 995 3146 etrosc
1118 3064 1151 3121 Et
1163 3065 1284 3138 speciem
1299 3067 1402 3124 meruit
1414 3067 1542 3126 Veneris.

193 3116 327 3180 Natorum
343 3132 480 3199 tamquam
495 3130 580 3207 diligo
594 3142 764 3211 progeniem.

157 3206 207 3269 iila
220 3228 317 3273 manus
332 3217 404 3278 inter
415 3223 568 3297 genitricis,
583 3240 612 3287 et
625 3234 719 3291 oscula
732 3239 819 3310 patris

193 3306 311 3378 Occidit,
325 3311 446 3388 iiispaoa
461 3327 518 3379 tum
532 3325 645 3397 regione
659 3333 767 3401 procui.

154 3397 244 3468 Quam
260 3411 349 3476 tener,
363 3418 391 3468 et
402 3411 502 3482 primo,
515 3431 587 3476 noue
596 3420 659 3491 ilos,
675 3424 834 3500 decerperis
847 3447 922 3502 aevo,

180 3494 319 3558 ‚Nondum
332 3497 486 3578 poipurmus
500 3510 606 3572 cinctus
616 3516 722 3589 eplrobe
733 3527 838 3594 petras!
948 3547 951 3552 ·

155 3585 281 3655 thunr
293 3591 416 3654 ediderat
426 3614 500 3657 utine
512 3601 586 3662 iacta
600 3621 736 3682 puerpera
750 3624 845 3684 partus
860 3635 867 3672 ι

190 3678 302 3739 Funera
317 3685 366 3743 sed
380 3691 492 3748 tumulis
504 3693 562 3766 jam
577 3701 714 3768 geminata
724 3705 810 3765 dedit.

154 3767 199 3828 Sit
213 3772 281 3831 satis
295 3775 365 3850 boe,
378 3779 493 3843 Pauline
507 3797 595 3860 pater,
612 3792 710 3856 divisio
724 3797 795 3859 laeta
809 3816 862 3862 est.

193 3870 314 3934 Debetur
327 3880 409 3938 matri
421 3892 523 3944 cetera
538 3895 693 3965 progenies.

292 3993 408 4056 lxlv.
427 3997 574 4073 Pouiiasr,
594 4013 695 4069 sororia
711 4029 800 4090 penem

156 4078 210 4149 Qui
224 4081 317 4143 letum
328 4088 481 4162 loyeuium,
497 4112 589 4156 mores
603 4102 651 4174 qui
663 4102 753 4181 diligit
763 4125 868 4185 equos,

192 4173 302 4248 Quique
313 4180 396 4244 tuen
411 4198 506 4247 saneta
519 4205 581 4250 cum
596 4195 697 4267 pietate
707 4201 773 4259 colit
789 4224 795 4259 :

155 4262 267 4325 Pouliul
280 4287 375 4332 manes
389 4293 496 4339 mecum
511 4299 670 4358 veneratus,
682 4293 778 4351 amieis

195 4360 304 4422 inroret
318 4366 458 4443 lacrymis,
475 4390 564 4435 annua
579 4379 632 4437 liba
646 4381 747 4443 iereus.

154 4449 319 4524 AEqoaems,
333 4457 456 4532 Pauline,
473 4466 551 4537 mibi,
565 4480 712 4546 natamque
725 4481 830 4538 sororis

195 4545 324 4621 indeptus
340 4554 459 4615 tlalamo
475 4579 482 4614 :
496 4561 537 4620 sic
549 4566 616 4623 mibi
628 4582 699 4640 pene
712 4588 808 4644 gener.

154 4640 258 4712 Stirpis
272 4641 416 4713 riquinum
429 4662 517 4711 scruter
531 4658 591 4726 tibi,
607 4652 669 4718 uam
684 4665 803 4734 genituri

194 4732 293 4795 Cossio
307 4738 447 4813 vasatum,
463 4734 628 4826 municipale
642 4770 740 4828 penus.

153 4825 265 4886 Scrinia
280 4833 402 4901 praetem
417 4840 541 4912 meritus,
556 4846 710 4906 rationibus
724 4851 788 4910 inde

196 4916 362 4993 Propositus
375 4927 496 5004 Libyeis,
512 4937 626 5003 praeuia
636 4941 725 5010 opima
741 4945 828 5017 copis.

154 5009 228 5068 Nam
241 5011 414 5076 Correctmae
429 5024 477 5082 tibi
495 5025 617 5088 Tarraco
632 5030 731 5090 llibera
746 5037 866 5096 tribunal

197 5102 335 5180 Prcebuit,
350 5111 483 5173 abectaos
498 5133 562 5176 esse
574 5120 676 5181 clienta
692 5126 753 5185 tibi.

154 5194 323 5258 Tuscorum
337 5219 389 5275 pro
399 5217 489 5266 matre
503 5211 614 5282 colens,
628 5214 719 5276 allois
732 5217 828 5280 baberi

193 5287 254 5348 idon
268 5306 390 5367 poteras,
404 5303 460 5358 nati
475 5318 537 5361 cnm
551 5305 675 5367 iruerero
688 5312 759 5370 loco.

153 5380 235 5440 inter
245 5388 395 5448 concordes
407 5393 499 5452 vixisti
512 5396 583 5455 lidus
594 5401 707 5471 amicos,

198 5475 393 5555 Duodeviginti
403 5485 513 5546 iunctus
526 5491 714 5566 Olympiadas.

300 5597 513 5688 Hispaniis
527 5608 661 5684 Dryadia,
673 5624 821 5673 mmerirro.

200 5681 241 5744 'l'e
255 5701 363 5761 quoqne
377 5692 522 5767 liryadiam
539 5692 725 5774 molestemus,

1118 3159 1186 3229 Qun
1200 3160 1295 3232 penita
1306 3169 1350 3217 est
1362 3160 1430 3218 mibi
1442 3177 1514 3234 pene
1527 3176 1617 3222 soror.

1115 3253 1187 3311 Filia
1202 3269 1263 3311 nam
1278 3253 1330 3311 luit
1340 3254 1400 3313 bare
1412 3255 1516 3324 amitte,

1115 3348 1202 3417 Quam
1215 3349 1338 3407 celebrat
1350 3350 1402 3407 sub
1415 3352 1521 3409 bonore
1537 3351 1583 3422 pio

1115 3439 1219 3511 Nauia,
1233 3442 1357 3499 carmine
1369 3441 1496 3501 luperco.

1160 3551 1260 3609 xxix.
1275 3551 1389 3610 AEmiiia
1405 3554 1535 3623 ileinuia,
1549 3572 1636 3615 soror.

1006 3666 1132 3737 AEmilia,
1144 3668 1207 3737 bos,
1219 3667 1263 3724 uix
1275 3677 1338 3725 nota
1349 3668 1419 3725 mibi
1433 3667 1523 3739 sordi,
1537 3669 1631 3741 accipe
1641 3676 1763 3743 questos,

1019 3777 1024 3784 ’
1043 3761 1149 3820 Debent
1161 3779 1230 3836 quos
1243 3762 1329 3820 cineri
1341 3774 1439 3821 moesta
1453 3763 1554 3838 Elegea
1565 3776 1623 3823 tuo.

1005 3853 1154 3925 coniunxit
1166 3863 1274 3913 nostras
1283 3870 1402 3924 aeqoaeva
1416 3856 1529 3914 iolantia
1543 3873 1628 3916 cunas
1642 3876 1650 3916 τ

1043 3944 1104 4003 lino
1118 3947 1244 4018 quamuis
1258 3956 1286 4003 tu
1301 3948 1416 4006 consule
1428 3949 1517 4020 major
1531 3964 1604 4008 eras.

1006 4036 1099 4094 lurida
1112 4037 1161 4094 sed
1177 4037 1289 4096 nimium
1303 4037 1434 4120 Lachesis
1448 4049 1594 4115 properata
1608 4043 1713 4116 peregit

965 4193 971 4204 .
1041 4127 1176 4200 Tempora
1190 4130 1285 4186 :etad
1301 4130 1394 4188 Manes
1406 4131 1502 4189 lunera
1514 4133 1612 4191 acerba
1626 4133 1712 4192 dedit.

1007 4223 1151 4281 Promissa
1165 4239 1232 4297 erqo
1244 4223 1305 4282 vale
1319 4242 1326 4279 ε
1342 4225 1489 4297 llaoesque
1502 4243 1600 4285 terere
1615 4237 1770 4302 parentum,

1042 4314 1094 4383 Qui
1110 4313 1214 4386 majore
1226 4329 1295 4385 aero,
1309 4316 1411 4388 quique
1425 4316 1531 4376 minore
1546 4319 1631 4376 uenit.

1025 4426 1112 4487 XXX.
1130 4427 1276 4503 Pomponio
1296 4428 1411 4556 litiget,
1428 4448 1585 4515 consecrem,
1600 4448 1667 4488 usur
1681 4431 1785 4489 daliotti

1364 4517 1473 4559 cosona.

1008 4593 1043 4655 Ut
1053 4595 1163 4668 poneris
1174 4595 1251 4664 clari,
1267 4604 1390 4653 ueterum
1403 4595 1443 4654 sie
1457 4595 1557 4654 ietnina
1566 4611 1676 4653 morum

1045 4687 1158 4757 Urbica,
1173 4686 1303 4745 Censoris
1317 4687 1458 4745 nobilitato
1473 4689 1563 4754 ibero,

1008 4777 1138 4854 loyeuitis
1153 4781 1258 4852 poliens
1271 4780 1428 4848 virtutibus,
1446 4789 1582 4852 auctaque
1591 4789 1624 4836 et
1634 4780 1700 4849 illis,

1045 4866 1119 4941 chas
1131 4873 1225 4931 docuit
1238 4874 1350 4945 cuculus,
1364 4891 1432 4948 quas
1445 4885 1533 4948 pater,
1547 4887 1577 4933 et
1588 4875 1706 4950 genitrix
1723 4895 1731 4931 ε

1001 4977 1004 4980 ·
1017 4964 1092 5034 Quas
1107 4965 1202 5022 babuit
1215 4964 1359 5039 Tanaquil,
1375 4984 1444 5039 quas
1456 4967 1625 5040 Pytithorea
1637 4968 1761 5036 Theano,

1046 5057 1168 5130 Quaeque
1182 5057 1241 5114 sine
1255 5059 1382 5130 exemplo
1395 5069 1438 5116 est
1452 5060 1480 5116 in
1495 5076 1562 5117 nece
1574 5058 1667 5118 iuncta
1681 5060 1743 5117 riri.

1010 5148 1045 5206 Et
1059 5149 1106 5206 tibi
1118 5147 1141 5204 si
1151 5147 1236 5204 lutum
1251 5148 1290 5206 sie
1304 5158 1459 5221 permutare
1472 5150 1606 5218 dedisset,

1049 5243 1158 5301 ilireret
1171 5242 1225 5300 boc
1237 5251 1335 5300 nostro
1349 5255 1475 5317 tempore
1485 5244 1592 5303 Censor
1604 5242 1703 5300 adbuc.

1011 5336 1067 5398 Sed
1080 5352 1168 5410 neque
1183 5345 1210 5393 tu
1225 5336 1306 5393 viduo
1319 5337 1428 5410 longum
1444 5338 1563 5394 cruciata
1574 5337 1626 5395 sub
1640 5350 1710 5408 aero,

1049 5432 1179 5490 Protinus
1193 5440 1288 5502 optato
1300 5430 1353 5488 llue
1366 5439 1461 5489 secuta
1475 5430 1575 5489 virum.

1012 5524 1110 5584 Annua
1125 5539 1200 5582 nuttc
1211 5524 1317 5582 mustis
1333 5522 1447 5581 ierimus
1460 5524 1510 5582 tibi
1521 5524 1595 5595 iusta
1608 5526 1739 5598 querelis,

1048 5617 1115 5676 Cum
1130 5609 1231 5691 vgenero
1243 5628 1271 5674 ct
1285 5617 1357 5675 uatis
1371 5629 1505 5679 conseoer
1522 5619 1669 5681 timolus.
