4150 6167
163 247 218 342 aas

162 493 215 565 Qui
224 492 360 550 llercurio
374 492 444 551 duee
453 491 525 550 inter
535 500 683 549 nocturnas
698 491 817 550 hostium
827 493 966 564 proiectus

162 584 304 654 excubias,
318 584 420 641 schith
427 583 544 658 supplex
560 583 724 670 advolvitur,
740 584 966 661 redemptumque

162 680 248 738 lilium
261 678 370 753 iustitio
383 678 495 753 publico
508 686 538 735 et
550 676 643 749 dedet,
661 687 690 737 et
700 678 807 752 sepelit.

343 839 472 898 cenem
484 839 563 914 peut
572 838 635 898 trau
649 839 783 913 cupreo.

226 954 273 1007 llio
284 953 355 1018 mlhl,
364 952 443 1015 ldusa,
454 954 536 1005 virum
545 961 624 1019 eapte
635 959 691 1018 post
701 956 792 1006 mesola
803 953 895 1019 droise,

225 1019 275 1080 Qui
285 1016 503 1084 moreshomlnurn
510 1016 643 1069 multorum
654 1017 717 1070 vidit
728 1023 756 1069 et
766 1017 853 1071 urbes.

197 1148 321 1205 Niuerva
333 1147 361 1205 iu
378 1145 510 1215 ithacam,
526 1145 594 1204 lure
615 1145 653 1204 ita
671 1146 792 1217 volente,
808 1146 963 1219 deseendit,

162 1240 352 1311 Nestorisque
364 1238 532 1311 'taphiorum
543 1238 616 1310 regis
634 1238 712 1296 ducis
734 1241 819 1297 sumit
833 1240 963 1313 elligiem,

160 1347 279 1390 suasura
294 1330 470 1402 Telemacho,
486 1339 516 1388 ut
528 1329 563 1387 ad
573 1330 731 1400 Nestorem,
752 1331 964 1405 Neuelaumque

159 1426 283 1492 iestirret,
297 1425 344 1498 qui
358 1439 454 1482 recens
467 1423 578 1481 domum
592 1424 711 1496 regressi
726 1424 797 1482 certi
812 1424 914 1497 aliquid
926 1425 960 1484 de

159 1520 258 1594 lllysve
270 1518 419 1577 novissent.
431 1517 508 1574 Tune
520 1517 649 1574 Phemius
660 1517 801 1576 citharista
823 1518 962 1577 adbibitus

157 1613 286 1670 convivio
300 1626 446 1684 procorum
460 1610 571 1667 inchoat
585 1609 705 1668 liebileun
728 1611 894 1669 cantilenam
913 1628 962 1669 aa·

160 1703 307 1777 rigationis
317 1704 509 1777 improsperae,
532 1719 594 1776 quae
615 1703 756 1775 proiectos
773 1706 808 1760 ab
823 1706 873 1763 llio
886 1706 962 1763 Grae·

605 321 612 334 .
710 260 895 366 asatorum
912 281 947 343 m
966 282 1100 348 eonem
1117 289 1315 353 ourssesu.

163 406 237 458 tatur
250 396 401 470 Priamum,
421 404 452 456 ut
463 410 532 455 auro
546 395 632 455 lilium
645 396 780 469 rependat
793 398 962 456 exanimum.
977 404 1007 465 A

1234 407 1364 467 Periocllu
1376 410 1451 470 tlte
1467 411 1600 486 Odysseoe.

1080 517 1199 585 liquerat
1207 523 1232 573 ln
1246 522 1470 587 tepidoTlthonnm
1481 526 1576 579 Aurora
1587 528 1664 582 cubili
1677 544 1684 581 :

1053 623 1203 682 Nereurius
1225 626 1257 683 iu¹
1273 626 1404 701 Ogygiam
1420 628 1537 688 insulam
1562 632 1688 703 devolat,
1705 646 1735 693 ut
1746 636 1821 697 iouis

1018 718 1133 775 monitis
1147 718 1265 802 Calypso
1283 722 1433 780 conterrita
1448 722 1573 797 Ulyssem
1594 726 1714 797 patiatur
1732 727 1822 788 disce·

1016 809 1094 869 dere.
1106 812 1162 882 Qui
1175 821 1305 872 contextu
1317 815 1385 872 ratis
1400 824 1503 874 temere
1513 832 1662 890 properare
1674 821 1822 893 navigatio·

1017 918 1083 961 nem
1095 903 1172 961 solus
1185 905 1353 979 aggreditur.
1370 905 1650 980 liuoderigesimadie
1659 920 1821 983 tempestate

1018 1007 1168 1070 commota,
1185 1014 1220 1055 ex
1236 999 1376 1057 iracundia
1388 999 1536 1060 iniestante
1549 1002 1688 1075 Neptuno,
1704 1005 1821 1062 trabium

1016 1104 1151 1162 compago
1165 1089 1338 1152 dissolvitur.
1350 1091 1411 1162 Quo
1423 1108 1489 1149 casu
1501 1095 1624 1166 proditur
1632 1095 1738 1166 ultimae
1750 1097 1820 1167 spei,

1014 1192 1044 1242 et
1056 1184 1142 1243 irritis
1157 1185 1302 1242 conatibus
1315 1185 1405 1243 nando
1419 1186 1568 1245 abiunoue
1579 1188 1628 1245 dea
1639 1189 1815 1247 misericorde

1014 1286 1154 1349 servatur,
1168 1293 1230 1350 quae
1240 1278 1400 1336 calanticam
1408 1279 1552 1353 capitisue
1564 1280 1702 1354 demptam
1713 1284 1816 1340 natanti

1016 1370 1219 1428 accommodat.
1232 1370 1316 1444 Cujus
1329 1372 1536 1431 illesustentatu
1544 1374 1665 1448 adusque
1673 1374 1817 1433 Pbaacum

1014 1464 1092 1522 littus
1105 1464 1208 1523 evadit.

1224 1555 1355 1614 Periocha
1369 1558 1416 1616 lib.
1431 1574 1457 1616 n
1471 1560 1603 1633 Odpssroe.

1075 1670 1197 1737 torpebat
1206 1684 1306 1725 somnos
1314 1672 1407 1726 dudunt
1418 1686 1572 1726 aerumnosus
1585 1674 1696 1741 lllysses.

157 1810 208 1855 ω,
218 1796 336 1855 gamm
347 1797 450 1868 ,Μὴ
460 1795 565 1867 0¹3qu
578 1810 660 1869 quem
673 1796 810 1869 peneqope
822 1796 959 1869 digressa,
978 1797 1001 1859 Β
1049 1775 1161 1850 Ulysses
1177 1787 1320 1849 postquam
1336 1779 1372 1835 ad
1386 1779 1529 1836 Piraeeum
1543 1781 1620 1839 littus
1632 1796 1763 1840 euaserat
1779 1784 1818 1839 ia-

155 1889 316 1948 Chalcidieo
332 1899 497 1962 argumento
519 1898 575 1947 tam
601 1890 766 1948 miserabilis
780 1890 884 1950 odensa
900 1905 958 1950 ma·

158 1982 246 2052 terte,
260 1992 291 2040 nt
300 1982 355 2041 alia
366 1984 503 2050 concinat,
518 1983 688 2041 adhortatur.

380 2139 509 2198 Periocha
521 2139 566 2197 lib.
581 2156 599 2198 ιι
614 2139 747 2214 Odprveoe.

223 2252 324 2306 desem
335 2253 462 2307 extulerat
473 2266 560 2306 roseus
575 2252 670 2306 Aurora
679 2253 789 2319 jugales.

193 2379 375 2439 'l'elemaclms
391 2379 540 2438 ithacesios
554 2396 681 2454 proceres
706 2383 779 2455 cogit
800 2382 834 2440 ad
848 2381 963 2449 curiam,

161 2481 244 2546 alque
259 2473 360 2531 ibidem
374 2471 408 2530 de
418 2473 583 2530 corutumelia
597 2474 705 2544 domus,
720 2483 750 2531 ct
759 2474 891 2531 bonorum
902 2488 966 2546 pro·

163 2567 306 2641 liigatione
319 2578 505 2639 conquestus.
520 2567 633 2624 consilia
647 2568 822 2638 proiectiouis
841 2566 964 2638 exponit,

158 2659 281 2717 Avatiuoo
293 2660 450 2727 resistente,
463 2659 509 2731 qni
529 2674 591 2716 eum
604 2659 701 2730 prius,
718 2675 799 2732 quam
812 2668 899 2717 venter
912 2675 966 2717 nu-

157 2753 258 2823 beret,
284 2753 359 2810 abire
373 2751 545 2825 prohibebat.
566 2754 624 2821 Qua
639 2753 817 2810 altercatione
835 2754 881 2811 diu
902 2768 967 2826 pro·

161 2854 262 2914 tracta,
276 2845 423 2904 concilium
434 2844 598 2902 dissolutum
613 2855 665 2903 est.
683 2846 864 2905 Tcleunchus
875 2848 910 2904 ad
925 2849 968 2903 llt·

164 2946 211 2993 tus
220 2938 309 3008 procis
322 2937 512 3010 ignorantibus
525 2938 613 3008 percit
623 2955 631 2993 ε
643 2948 776 2997 astantem
789 2940 840 2997 sibi
850 2941 968 2999 odorans

161 3029 326 3097 Minervam,
341 3029 555 3103 peregrinationi
568 3032 744 3088 accommoda
753 3041 842 3104 parat,
855 3034 966 3090 lrortau·
1019 3084 1026 3098 ,

161 3132 191 3179 te
205 3122 325 3179 maxime
347 3122 419 3188 dea,
441 3137 503 3193 quae
519 3124 666 3194 populum,
681 3124 825 3197 ipsumque
842 3125 968 3182 Telctna·

161 3217 245 3271 chum
268 3215 400 3272 lleetorit
424 3215 596 3271 simulatione
611 3214 732 3273 isllebat.
754 3217 890 3275 instructo
903 3234 968 3289 ergo

161 3308 293 3381 remigio,
308 3317 337 3365 et
355 3322 426 3366 nave
447 3307 582 3379 deducta,
598 3308 779 3367 Telentachus
799 3319 828 3368 et
847 3311 967 3369 hilruerva

160 3399 199 3457 de
213 3412 294 3473 portu
304 3403 417 3473 despero
429 3400 550 3458 instante
562 3401 718 3458 solverunt.

372 3555 504 3614 Periocha
516 3557 561 3615 til.
577 3573 607 3614 ιιι
625 3557 760 3630 (ldpavetc.

227 3669 282 3723 iam
292 3671 330 3723 vel
339 3669 439 3725 Oceano
450 3671 559 3724 radiatos
567 3679 724 3738 prompserat
734 3682 813 3725 ortus.

199 3801 384 3860 lelenrarhus
396 3800 538 3859 Nestorem
551 3800 586 3857 de
603 3813 682 3873 patre
699 3803 969 3874 percunctatusuihil

162 3895 228 3952 nori
251 3894 352 3965 accipit
367 3894 402 3949 ab
420 3893 581 3966 ignorante:
604 3910 699 3951 verum
722 3896 793 3953 idum
817 3911 902 3954 sertor
926 3913 971 3955 se·

160 3987 261 4061 quenti
290 3986 336 4043 die
368 4000 430 4042 cum
454 3986 595 4043 Pisistrato
615 3986 686 4058 iilia,
710 3981 740 4043 nt
761 3988 795 4044 ad
818 3988 969 4047 bienelautn

1016 1869 1174 1939 tigationem
1191 1868 1273 1926 diluit
1297 1884 1403 1927 somno.
1425 1869 1561 1929 seticum
1584 1865 1662 1944 virge
1684 1874 1818 1932 Nausicaa

1014 1961 1089 2032 regis
1103 1960 1211 2018 Alcinoi
1232 1962 1325 2019 ludum
1338 1962 1366 2019 iu
1380 1971 1443 2020 acta
1455 1978 1517 2019 cum
1534 1964 1685 2036 aequalibus
1706 1983 1820 2025 exerce·

1014 2060 1067 2121 ret,
1079 2065 1177 2109 somno
1191 2053 1326 2111 excitatus
1340 2053 1381 2127 (ut
1391 2064 1450 2112 erat
1460 2054 1561 2129 nudus)
1572 2059 1673 2129 erupit,
1687 2049 1813 2116 foliorum

1014 2147 1284 2223 oppositulpudenda
1295 2148 1412 2206 velatus.
1427 2149 1461 2205 Et
1478 2165 1541 2205 curn
1555 2152 1669 2222 supplex
1684 2154 1717 2207 ad
1730 2169 1819 2224 genua

1014 2238 1099 2310 regim
1109 2237 1223 2311 virginis
1232 2239 1434 2309 advolveretur,
1445 2239 1574 2299 Niuervre
1585 2243 1718 2298 instructu
1734 2245 1819 2301 uaovit

1016 2331 1235 2388 misericordiam
1250 2333 1409 2397 salutarem,
1421 2333 1619 2406 impositusque
1631 2345 1779 2406 carpenta,
1793 2344 1820 2393 et
1855 2353 1864 2376 ⁴

1015 2436 1093 2482 veste
1103 2425 1220 2482 donatus
1231 2440 1317 2498 usque
1330 2425 1366 2481 ad
1380 2425 1510 2496 templum
1521 2426 1658 2494 lliuervae,
1670 2427 1745 2499 quod
1755 2440 1820 2486 arcte

1016 2515 1111 2573 urbem
1123 2526 1175 2584 est,
1192 2517 1231 2572 ita
1243 2515 1376 2574 suadente
1393 2515 1506 2588 virginis
1524 2517 1628 2588 pudore
1649 2517 1818 2589 provehitur,
1882 2543 1889 2552 ·

1016 2608 1108 2680 ibique
1130 2608 1265 2667 lamiliare
1287 2608 1341 2665 sibi
1360 2625 1460 2667 numen
1473 2609 1553 2666 solita
1568 2609 1744 2668 veneratione
1757 2625 1820 2683 pre·

1016 2714 1105 2759 emur·
1216 2753 1345 2829 Periocha
1358 2772 1405 2829 lib.
1425 2787 1463 2829 ιιι
1487 2773 1620 2846 Odqsreor.

1158 2887 1251 2940 Orabat
1261 2900 1366 2953 superos
1375 2887 1468 2939 dudum
1477 2887 1574 2940 laonia
1586 2888 1678 2953 proles.

1018 2991 1139 3047 ilinerva
1154 2993 1182 3048 in
1196 2991 1293 3063 puellae
1303 2991 1422 3062 speeiem
1437 3001 1541 3049 mutata
1556 2992 1680 3067 Ulyssem
1700 2993 1816 3064 primum

1018 3101 1046 3140 nn
1066 3084 1207 3156 oppidum,
1226 3101 1290 3141 rraox
1307 3085 1335 3142 in
1357 3085 1468 3143 donnum
1483 3086 1585 3158 regiam
1597 3086 1683 3144 ducit.
1698 3088 1820 3150 Cumque

981 3188 1004 3252 (ς
1019 3177 1103 3233 hrcte
1118 3192 1187 3234 uxor
1200 3178 1306 3235 Alcinoi
1316 3188 1343 3235 et
1359 3178 1430 3234 uude
1443 3188 1547 3235 vestem
1563 3179 1687 3246 haberet,
1702 3190 1730 3237 ot
1743 3184 1821 3252 cuias

1017 3283 1103 3340 esset,
1113 3283 1141 3331 et
1153 3291 1207 3345 qua
1222 3284 1298 3332 sorte
1312 3273 1420 3331 delatus
1433 3290 1560 3332 sermone
1571 3275 1657 3346 ipsius
1669 3277 1820 3348 eouuperis·

1018 3379 1072 3440 set,
1084 3371 1186 3427 bornum
1198 3372 1321 3429 ausimum
1334 3372 1550 3445 habevejussus,
1563 3374 1697 3432 suadente
1708 3391 1820 3449 vespera

1017 3463 1145 3522 corroedit
1158 3467 1254 3538 quieti.

1215 3579 1345 3638 Periocha
1358 3579 1406 3636 lib.
1422 3594 1469 3636 nau
1486 3579 1619 3652 Odpaaeoe.

1082 3695 1137 3747 lam
1147 3695 1237 3748 eceiuua
1247 3695 1332 3747 rutilat
1339 3697 1421 3748 roseis
1431 3695 1526 3747 Aurora
1537 3694 1675 3761 quadrigis

1057 3804 1188 3860 Alcinous
1213 3802 1394 3875 instigationis
1421 3817 1572 3859 aerumnam
1605 3801 1762 3858 summatim
1787 3803 1823 3859 ab

1019 3896 1121 3970 Ulysse
1141 3897 1293 3968 cognoscit.
1315 3893 1422 3953 Exinde
1439 3895 1525 3966 jussis
1547 3895 1713 3966 primoribus
1736 3895 1762 3951 in
1778 3912 1823 3952 cu·

1019 3993 1088 4049 riam
1108 3993 1276 4059 convenire,
1298 3992 1448 4047 adventum
1470 3989 1601 4061 hospitis,
1622 3999 1651 4046 et
1670 3990 1818 4046 iulortunia

162 4086 281 4150 pergat,
301 4078 437 4133 hortatur.
458 4076 514 4134 Nec
534 4092 630 4144 mora,
652 4080 723 4135 lacto
739 4077 871 4137 consilio:
890 4093 970 4139 eructo
1020 4083 1133 4140 diutine
1143 4082 1301 4154 jactationis
1314 4082 1455 4153 explanat,
1466 4083 1607 4150 accitoque
1620 4080 1654 4135 ad
1663 4081 1820 4137 convivium

161 4170 267 4242 quippe
279 4183 323 4236 ea,
341 4184 402 4240 quae
411 4177 557 4225 consecuta
573 4179 626 4239 est,
640 4166 712 4241 apud
721 4170 827 4228 Pheras
839 4172 969 4242 oppidum
1020 4175 1119 4250 lllpsse
1131 4176 1265 4232 citharam
1279 4175 1358 4247 jubet
1368 4175 1477 4246 pulsare
1490 4160 1684 4238 demodocum,
1695 4172 1743 4243 qni
1758 4187 1820 4228 cum

161 4261 288 4335 hospitio
299 4261 402 4319 Dioclis
424 4261 543 4332 versati,
561 4261 647 4319 altera
670 4261 893 4321 Lacudemouem
909 4278 970 4338 per·
1020 4267 1055 4326 de
1072 4268 1161 4324 [luceo
1172 4282 1262 4338 equo,
1283 4276 1310 4323 et
1330 4267 1366 4323 de
1389 4265 1488 4323 Troico
1504 4275 1626 4320 cantaret
1642 4264 1770 4330 excidio,
1785 4264 1824 4318 la·

163 4355 315 4416 vehuntur.
1020 4376 1129 4437 cryvnas
1151 4359 1242 4433 Ulyssi
1261 4359 1392 4416 memoria
1415 4358 1531 4415 iortrmaa
1551 4357 1700 4428 superioris
1717 4354 1819 4412 elicuit.

370 4445 498 4503 Periocha
519 4446 566 4502 lib.
583 4462 611 4503 ιι
635 4446 769 4520 Odpaaetc.
1022 4453 1183 4523 Quascum
1204 4452 1343 4508 occultare
1368 4450 1464 4507 scdulo
1487 4459 1653 4513 contaretur,
1677 4455 1726 4503 aut
1739 4447 1821 4502 nrrltu

229 4561 512 4628 tanqueaoeeaemun
524 4560 931 4615 valtdmadmcedaemoutsaucus,
981 4546 1205 4633 „dissimulans
1224 4553 1271 4600 aut
1292 4552 1369 4599 veste
1382 4542 1538 4614 detergens.
1555 4540 1651 4597 oculus
1671 4539 1698 4595 in
1715 4557 1745 4596 se
1759 4554 1820 4594 οιιι-

1022 4638 1099 4693 uiurn
1109 4647 1136 4693 ct
1148 4635 1267 4692 tvvaxiure
1285 4636 1358 4707 regis
1371 4633 1499 4690 advortit.
1513 4632 1583 4688 'larun
1597 4630 1727 4688 Alcinous
1740 4646 1823 4688 cansa

199 4687 432 4746 'mmmm‘
446 4686 491 4761 ‘¹¹¹¹
501 4703 563 4746 ‘⁰¹¹¹
576 4703 609 4746 ⁸⁰
622 4690 910 4758 ‘'²¹¹⁰‘³¹'²’⁵¹⁰¹'⁰¹²¹¹⁸
922 4706 970 4749 ⁰⁰¹
1022 4730 1136 4787 bereum
1156 4729 1276 4801 cognita,
1289 4737 1320 4783 ut
1333 4737 1430 4783 curvcta
1442 4741 1478 4783 ex
1494 4726 1591 4782 ordine
1605 4725 1720 4781 tolerata
1733 4723 1822 4782 disse·

165 4782 253 4841 vaitcr
263 4782 384 4855 hospitio
396 4783 506 4856 accipit,
521 4798 641 4855 saneque
655 4784 707 4841 sub
720 4801 833 4858 vespera
848 4801 900 4859 qur
909 4786 972 4844 dam

161 4874 201 4933 de
213 4873 312 4947 illyese
325 4886 504 4947 cogaroseunt.
521 4875 572 4933 lile
584 4892 651 4934 vero
665 4878 751 4934 altera
763 4886 848 4935 totum
863 4881 974 4951 nauiga-

163 4969 252 5027 tionis
265 4968 391 5025 ordinem
403 4968 545 5027 licuelaus
559 4971 697 5040 explanat.
712 4969 845 5043 Quodque
857 4971 885 5029 in
899 4972 972 5044 hgy-

160 5063 210 5135 gia
224 5062 313 5118 insuia
325 5061 469 5134 promissis
482 5072 511 5120 et
522 5063 658 5119 illecebris
673 5064 800 5137 nymphae
810 5061 973 5138 Calypsonis

165 5153 283 5227 [divesne
293 5162 468 5225 remoratur,
488 5154 611 5226 expauit.
626 5154 692 5223 Qum
706 5155 828 5225 quidem
838 5156 973 5215 Protheus

1023 4830 1109 4894 reret,
1121 4822 1238 4896 benigue
1253 4821 1343 4878 omrda
1358 4820 1496 4892 pollicitus
1506 4818 1681 4877 adhortatur.

1228 4929 1359 4989 Periocha
1374 4931 1420 4988 til.
1437 4947 1463 4988 tx
1481 4932 1616 5002 (idpsaete.

1085 5044 1149 5097 'lum
1158 5047 1215 5098 vice
1226 5047 1350 5099 sermonis
1361 5046 1424 5099 tatur
1437 5045 1551 5098 Laertius
1561 5045 1651 5095 ileros.

1059 5145 1835 5225 Quatuoristbiuelibridelllyssiserrurccontextisunt.

162 5245 259 5301 cidem
271 5253 432 5302 narraverat
450 5244 485 5302 de
503 5243 660 5303 Graecorum
679 5246 794 5303 ducibus
815 5247 972 5318 requirenti.
1023 5248 1146 5317 Namque
1160 5245 1195 5301 eh
1209 5245 1324 5302 Alcinoo
1335 5254 1447 5316 rugatus
1459 5244 1560 5300 seriem
1575 5239 1734 5314 ruultlplicis
1746 5254 1825 5296 erre·

160 5336 248 5394 Proci
260 5346 353 5395 ιιιιοιιι
366 5347 510 5409 postquam
527 5337 562 5394 de
577 5337 672 5396 habitu
691 5338 848 5400 Telemachi
864 5353 976 5410 ervmpe-
1023 5340 1064 5398 ris
1074 5338 1197 5409 exponit,
1212 5347 1241 5394 ut
1255 5338 1290 5393 ab
1303 5337 1353 5394 llio
1367 5335 1515 5408 proiectus,
1531 5337 1647 5405 peltarum
1661 5333 1695 5388 ed
1707 5329 1825 5388 Ciconas

162 5437 281 5499 ιιιιιιιιι,
296 5429 429 5486 instructa
441 5430 612 5503 deductaque
626 5431 687 5488 uari
701 5472 709 5498 ,
724 5432 837 5503 viginti,
851 5433 897 5504 qui
910 5446 974 5491 sese
1025 5434 1132 5492 delatus
1153 5433 1206 5501 sit,
1221 5444 1304 5505 atque
1325 5432 1382 5487 illie
1401 5439 1553 5502 expugnata
1570 5427 1673 5485 ismaro
1692 5426 1823 5492 civitate,

160 5523 304 5596 legerant,
318 5524 491 5596 navigavere.
506 5523 640 5582 lledeuuti
655 5525 843 5595 ergeiusidias
857 5525 973 5583 mulien·
1025 5527 1119 5585 multis
1134 5525 1244 5581 amissis
1263 5525 1371 5595 lagatus
1384 5521 1569 5581 abscesserit:
1587 5531 1670 5591 utque
1688 5518 1752 5574 inde
1767 5518 1825 5573 lla·

162 5625 221 5683 trs,
244 5615 318 5674 eirca
333 5617 471 5674 buteriam
484 5616 615 5687 insulam,
631 5634 693 5691 quae
707 5617 827 5676 ltaolram
841 5619 972 5677 Samum·
1026 5621 1095 5678 leam
1108 5619 1233 5676 lucania
1244 5618 1460 5691 proanontorium
1474 5615 1676 5686 circumegerit,
1689 5611 1827 5690 ecdeinde

163 5723 224 5781 que
236 5710 392 5781 interjacet,
411 5710 603 5769 delitescentes
616 5713 787 5770 occasionem
809 5714 913 5772 irandls
924 5730 973 5773 ex·
1026 5715 1200 5785 hotopingos
1211 5714 1326 5768 everterit.
1337 5712 1396 5769 llus
1411 5712 1444 5766 ad
1459 5711 1609 5785 Cyelopum
1625 5709 1753 5776 iniseriam,
1765 5721 1827 5780 quae

159 5809 305 5874 limidi·
1027 5806 1193 5879 Lotophagis
1214 5805 1372 5876 adjacebat,
1395 5818 1527 5860 carneuna
1554 5817 1622 5860 navo
1645 5801 1825 5874 processerit,
