4150 6167
290 229 344 292 stt

325 342 417 401 Valris
427 335 528 398 etrele
544 332 656 392 condita
670 343 725 388 non
736 326 802 386 adii.

290 439 485 507 fontemque
500 439 593 505 posset
603 427 686 484 uitam
700 424 822 480 lacerare
835 418 979 482 bonerum,

324 530 384 589 Non
395 529 480 586 unxi:
495 535 523 584 et
536 539 630 583 reram
645 520 669 578 si
679 517 800 586 scierim,
818 510 897 570 meni.

288 627 333 686 lra
346 623 441 698 procul
455 641 461 678 :
476 635 541 691 spes
551 632 622 674 rana
637 612 731 686 procul
746 629 754 667 ι
770 606 865 681 procul
876 602 957 660 annia
969 613 1052 667 cura;

326 721 409 792 loque
419 715 500 774 bonis
514 712 656 769 hominurn
667 704 765 780 gaudia
780 702 849 759 laisa
861 696 967 772 procul.

290 810 375 870 vitan
384 818 483 874 coetus,
495 806 648 879 eiuratique
659 797 802 866 tumultus,

288 905 323 962 Et
334 916 444 974 semper
457 901 528 956 [letae
541 895 694 969 principum
708 885 847 947 anrieitiae.

289 994 445 1068 Deliquisse
459 991 530 1047 nihil
550 1000 698 1059 numquam
712 979 822 1038 laudem
834 988 896 1034 esse
914 969 1018 1045 putari,

325 1093 415 1163 etque
427 1087 514 1144 bonos
528 1095 619 1140 mores
630 1078 734 1150 legibus
744 1070 873 1130 antetuli.

294 1182 379 1242 irasci
393 1187 549 1253 proruptus,
566 1168 712 1247 properavi
724 1165 844 1225 condere
859 1168 978 1218 metum:

326 1276 415 1347 Atque
430 1272 497 1329 milti
514 1281 610 1342 poeoas
625 1280 674 1338 pro
688 1261 803 1319 leuitate
815 1255 891 1313 dedi.

287 1366 451 1440 Coniugium
465 1378 516 1437 per
529 1363 616 1417 lustra
628 1369 737 1422 norem,
758 1343 957 1413 descrimine,
974 1352 1091 1399 concors

326 1459 417 1518 Unum
432 1455 516 1512 habui
531 1472 538 1508 r
553 1462 648 1526 gnatos
660 1455 788 1523 quattuor
801 1440 947 1500 edidimus.

289 1551 381 1612 Prima
392 1548 461 1608 obiit
470 1547 592 1612 lactans3
607 1541 691 1614 atqui
706 1539 758 1597 luit
767 1535 880 1593 ultimus
890 1528 954 1599 seri,

324 1644 473 1702 Pubertatc
485 1640 546 1719 rpdi
561 1653 616 1695 non
629 1633 704 1692 rudis
714 1628 830 1688 interiit.

293 1737 427 1795 Maximus
441 1733 476 1791 ad
488 1745 626 1789 sumturum
639 1726 750 1785 eulmen
766 1719 893 1795 peruenit
907 1716 1054 1779 honorum,
1105 1707 1131 1770 B
1177 1702 1300 1760 Transeo
1314 1716 1321 1754 ε
1336 1704 1364 1756 et

325 1828 476 1886 Proiectus
484 1824 580 1891 Gallis,
596 1830 625 1879 et
635 1819 740 1891 Libye,
757 1825 785 1873 et
800 1813 890 1878 Latio,

289 1918 476 1990 Tranquillus,
490 1916 621 1984 clemens,
637 1912 735 1975 oculis,
748 1922 825 1975 rece,
842 1920 891 1962 ore
908 1916 1034 1971 serenus,

325 2013 354 2069 ln
368 2011 493 2084 genitore
507 2022 558 2066 sue
573 2013 667 2063 mente
679 2004 825 2073 animoque
840 2007 928 2072 pater.

291 2104 378 2175 liuius
390 2117 442 2176 ego
455 2110 483 2159 et
496 2109 601 2164 natum,
615 2107 643 2155 et
657 2108 786 2169 generunt
797 2106 848 2164 pro
860 2088 974 2148 consule
986 2085 1052 2144 ridi.

324 2196 426 2253 Consul
441 2203 471 2250 ut
483 2195 542 2266 ipse
557 2192 639 2260 soret,
651 2203 715 2261 spes
730 2186 795 2242 mihi
809 2193 885 2241 certa
902 2181 963 2237 tuit.

287 2288 437 2348 llatrooale
447 2288 531 2343 decos
541 2282 664 2357 possedit
676 2280 742 2337 illia.
755 2277 841 2349 Cujus

324 2380 441 2454 Egregia
454 2389 481 2436 et
496 2387 587 2450 nuptsc
600 2375 660 2431 laus
674 2382 744 2441 erat,
761 2379 789 2428 et
801 2369 909 2427 ticinae:

286 2475 354 2544 Qirm
372 2471 440 2537 nati,
454 2469 621 2542 generisque
641 2473 669 2522 et
683 2460 841 2537 progeneri.
862 2458 951 2521 Simul
965 2455 1091 2516 omniurn

323 2561 465 2634 hiultiplici
478 2561 601 2618 illustres
616 2557 686 2613 uidit
702 2558 807 2613 honore
820 2555 928 2610 dotatus.

285 2658 348 2730 lpse
361 2672 413 2715 nee
425 2655 569 2722 affectans,
586 2665 637 2709 nee
652 2650 821 2708 detrectator
837 2647 984 2716 honorum,

325 2749 472 2807 Proiectus
485 2746 575 2819 magni
587 2759 731 2816 nuncupor
740 2740 854 2816 lllyrici.

289 2840 356 2899 llaec
368 2856 413 2898 me
427 2840 544 2896 lortunne
558 2839 633 2910 larga
647 2836 816 2909 indulgentia
831 2835 929 2903 suasit,

325 2932 442 2991 Numine
454 2931 579 2999 ndrtrato,
592 2932 656 2987 vitm
666 2929 770 2988 abitum
785 2936 892 2999 petere.

290 3024 329 3083 Ne
344 3024 491 3082 fortunato
506 3024 624 3095 spatium
640 3020 800 3078 inuiolabile
811 3021 877 3076 ritae

325 3114 412 3171 Fatali
426 3114 557 3170 adurnrsu
575 3115 726 3184 stringeret
737 3112 793 3167 ullo
805 3110 875 3168 dies.

290 3206 422 3266 Obtinui:
447 3204 601 3275 audituque
622 3218 718 3274 preces
733 3219 742 3262 ι
758 3217 847 3273 spem,
861 3208 934 3272 rota,
950 3200 1089 3272 timorern,

325 3299 437 3372 Sopitus
453 3296 561 3369 placido
573 3296 638 3364 line,
651 3294 778 3368 relinquo
787 3294 861 3352 aliis.

288 3393 362 3450 luter
374 3398 532 3459 moerentes,
548 3389 598 3447 sed
612 3405 666 3446 non
679 3404 731 3461 ego
745 3399 871 3457 moestus,
887 3391 992 3448 emices

325 3482 471 3556 Dispositis
483 3481 555 3553 iacui
571 3481 676 3540 luneris
687 3482 819 3539 erbitriis.

289 3574 443 3647 Nonaginta
454 3587 542 3631 annos
556 3572 654 3630 baculo
667 3574 740 3644 sine,
754 3588 874 3646 corpore
888 3581 948 3633 tcto

291 3665 388 3739 Exegi,
402 3665 509 3723 cunctis
522 3664 630 3737 integer
644 3664 752 3722 ciliciis.

185 3839 189 3847 ‚
290 3757 356 3815 lime
370 3758 536 3831 quicumque
553 3757 640 3829 leges,
661 3772 714 3814 non
730 3758 915 3830 aspernabere
928 3759 997 3817 lari:

325 3848 400 3907 Talis
410 3849 465 3907 rita
478 3849 541 3919 tibi,
561 3849 653 3921 qualia
667 3858 730 3906 rota
744 3850 820 3907 milri.

574 3981 741 4041 lDthlUbl
765 3984 808 4042 ΙΙΙ.

580 4099 689 4155 Ausonii
699 4098 802 4156 villula:

297 4215 379 4276 Salve
391 4215 569 4274 herediolum
580 4215 715 4288 majorum
731 4231 813 4289 regna
829 4232 963 4290 meorum,

327 4310 405 4381 Quod
419 4325 548 4382 proauus,
564 4309 636 4381 quod
646 4325 724 4378 avus,
738 4310 808 4383 quod
824 4321 899 4382 pater
914 4312 1041 4370 excoluit.

291 4403 368 4475 Quod
384 4403 450 4459 mihi
460 4402 517 4473 iam
532 4403 634 4473 senior,
646 4412 791 4475 properata
803 4415 902 4475 ntorte,
916 4405 1053 4478 relinquit.

328 4495 424 4554 uheut
440 4496 582 4553 nolueram
596 4505 652 4552 tam
668 4497 722 4553 cito
738 4512 819 4569 posse
834 4497 898 4554 lrui.

291 4592 370 4647 lusta
384 4588 494 4661 quidem
508 4589 594 4645 series
608 4589 677 4659 patri
693 4588 841 4646 succedere
857 4603 968 4647 :verunt

328 4681 396 4737 Esse
407 4679 487 4736 simul
502 4678 639 4746 dominos,
655 4679 759 4749 gratior
769 4680 837 4737 orde
852 4682 913 4752 piis.

293 4772 372 4830 Nune
386 4771 464 4828 labor
476 4779 587 4829 etcurae
601 4786 661 4828 meu
675 4779 750 4827 sunt.
762 4770 828 4828 Sola
841 4781 905 4830 aute
917 4773 1042 4847 voluptas

330 4861 459 4921 Partibus
477 4862 504 4918 in
520 4862 744 4920 nestriscaetera
759 4863 846 4935 patris
858 4874 946 4921 erarrt.

294 4954 412 5013 Parrum
425 4950 615 5023 herediolum,
632 4950 719 5008 loteor
731 4994 738 5018 ,
752 4953 801 5011 scd
814 4955 887 5011 nulla
900 4954 1007 5015 loitres

330 5045 417 5116 Parra
432 5057 559 5116 umquam
574 5043 733 5114 aequanimis
748 5061 754 5099 :
770 5044 839 5102 adde
850 5047 931 5104 etiam
943 5050 1089 5109 unanimis.

281 5139 334 5199 ,Ει
348 5139 507 5197 animorum
520 5143 1033 5212 staremquumputo,nonanimumer
1048 5162 1088 5204 rc.

328 5232 432 5290 Cttncta
446 5231 521 5303 eupit
537 5232 659 5298 Croesus,
674 5231 809 5304 Diogenes
824 5233 959 5304 nihilnrn;

290 5323 400 5399 spargit
409 5321 564 5396 Aristippus
579 5321 677 5379 niediis
692 5323 719 5378 in
733 5323 860 5396 Syrtibus
874 5341 987 5397 aurum;

326 5422 415 5480 hurea
425 5437 481 5479 non
492 5421 560 5478 satis
575 5430 617 5476 est
631 5417 715 5492 Lydia
731 5426 787 5476 tota
799 5421 888 5479 Nido.

288 5511 337 5568 Cui
353 5512 444 5568 nullus
460 5512 520 5568 llinis
534 5510 673 5584 cupiendi,
689 5521 731 5569 est
745 5512 835 5571 nullus
849 5514 977 5574 habendi.

323 5601 371 5660 ille
384 5601 482 5674 opibus
492 5603 590 5660 modus
604 5611 655 5671 est,
671 5619 752 5676 quem
770 5613 875 5664 statuas
890 5609 993 5664 antinno.

287 5690 387 5753 lerum
399 5708 465 5768 ager
478 5694 531 5752 iste
542 5709 619 5753 meus
629 5705 746 5767 quantus
760 5696 808 5769 sit,
820 5715 920 5759 nosce:
934 5704 1017 5761 etium
1040 5720 1085 5766 me

984 195 1075 259 osolt
1095 190 1231 254 susuutt
1883 167 1928 227 ggq

1100 315 1125 375 A
1173 302 1302 371 Noreris,
1317 307 1345 356 et
1357 296 1432 355 noris
1445 301 1471 351 te
1487 289 1639 365 quoque,si
1656 286 1730 360 potis
1740 299 1795 342 es:

1140 398 1308 470 Quamquam
1321 390 1433 450 dillieile
1447 396 1490 444 est
1503 400 1534 442 se
1554 395 1677 441 nemore.
1690 381 1770 438 rodit
1782 375 1898 433 σεαυτὸν.

1175 491 1261 562 Quam
1276 501 1398 561 propere
1405 481 1534 554 legimus,
1549 491 1604 534 tam
1622 477 1677 533 cito
1693 471 1867 545 negligimus.

1139 584 1204 658 Agri
1216 584 1260 641 bis
1273 593 1383 639 centum
1394 579 1456 633 colo
1470 576 1585 647 jugera3
1601 572 1680 626 uinea
1695 578 1807 625 centum

1175 676 1323 749 iugeribus
1332 670 1445 737 colitur,
1456 675 1589 741 prataque
1598 662 1752 721 dirnidiuna.

1139 768 1216 828 Siloa
1229 781 1311 839 supra
1323 762 1439 835 duplum
1455 774 1537 831 quam
1550 767 1639 830 prata,
1650 763 1678 811 et
1691 753 1784 819 vitrea,
1796 759 1929 806 etaruun.
2030 825 2031 828 Ἴ

1176 859 1273 917 Cultor
1283 857 1342 929 agri
1357 855 1437 913 nobis
1447 867 1499 910 nec
1512 856 1651 921 superest,
1667 861 1718 902 nee
1730 845 1820 901 obest.
2030 833 2031 866 ¹

1140 956 1215 1015 Fons
1230 962 1342 1026 propter
1356 959 1507 1022 puteusque
1521 943 1624 1010 breuis,
1638 951 1695 998 tum
1707 951 1793 1011 purus
1802 946 1829 993 et
1838 934 1927 994 arnob.

1176 1052 1294 1120 Naviget
1304 1048 1349 1104 bie
1358 1045 1462 1103 rehuus
1475 1040 1617 1106 merebit,
1638 1053 1670 1095 ac
1683 1037 1800 1094 revenit

1140 1146 1304 1204 Conduntur
1316 1140 1424 1197 fructus
1436 1138 1575 1211 geminum
1585 1133 1653 1190 mihi
1663 1145 1773 1199 semper
1788 1130 1816 1185 in
1828 1143 1930 1183 antrum.

1176 1240 1227 1299 Cui
1240 1252 1295 1295 non
1309 1237 1391 1308 longa
1406 1246 1503 1306 penus,
1515 1229 1695 1299 buiequoque
1705 1225 1833 1297 proinpta
1843 1223 1930 1279 lane:
2030 1215 2031 1240 l

1141 1332 1205 1390 linae
1222 1330 1289 1389 milri
1304 1343 1355 1387 nec
1372 1325 1468 1399 procul
1493 1323 1561 1381 urhe
1574 1321 1627 1378 sita
1640 1328 1692 1386 est,
1716 1333 1768 1375 nec
1781 1329 1891 1474 pr'orslper
1902 1312 1930 1368 ad
2030 1309 2031 1332 ³

1826 1415 1859 1455 ur
1892 1410 1933 1454 n:

1176 1515 1217 1572 Ne
1227 1513 1315 1587 patiar
1328 1510 1418 1578 turha,
1433 1515 1518 1579 utque
1532 1503 1612 1562 bonis
1627 1502 1723 1574 potiar.

1142 1608 1177 1666 Et
1190 1608 1318 1681 quotiens
1331 1610 1438 1660 mutare
1452 1601 1542 1658 locum
1557 1596 1666 1653 fastidia
1676 1602 1787 1664 engurrt.

1378 1692 1494 1752 alteruis
1507 1705 1583 1759 rure,
1593 1688 1637 1746 rel
1649 1688 1717 1744 urbe
1731 1686 1817 1744 lruor.

1417 1821 1589 1885 tumulltu
1609 1822 1655 1879 tv.

1141 1949 1184 2005 ert
1197 1954 1315 2021 nepotem
1328 1943 1473 2001 Amorion
1488 1940 1665 2014 matreptieon
1678 1937 1711 1992 dr
1728 1934 1818 1993 studio
1835 1934 1928 2008 puerili.

1265 2060 1399 2117 hosustos
1420 2058 1559 2114 horrente
1572 2053 1630 2125 filio
1640 2066 1687 2108 ruo
1700 2049 1825 2106 salutm

1178 2177 1321 2244 libellum,
1332 2190 1410 2247 quent
1423 2173 1458 2227 nd
1472 2170 1625 2243 nepotulum
1635 2183 1721 2224 ineunt
1734 2164 1836 2222 rororir
1850 2171 1896 2219 lae
1906 2164 1935 2233 fi·

1141 2270 1208 2325 lium
1217 2269 1302 2323 inrtnr
1317 2263 1470 2337 protreptici
1480 2263 1607 2328 luserant,
1622 2268 1744 2315 nemnem
1759 2257 1811 2327 ipsi
1832 2253 1934 2327 proruo

1141 2361 1288 2433 leqendnm.
1305 2357 1364 2413 Hoc
1375 2357 1443 2412 eninr
1455 2355 1539 2410 malni
1552 2369 1630 2423 quom
1641 2352 1698 2425 ipre
1708 2351 1830 2416 recitare,
1844 2354 1935 2403 uastat

1141 2453 1188 2508 tili
1201 2468 1311 2508 cmsuro
1325 2450 1444 2520 liberior,
1457 2465 1516 2523 quoe
1530 2447 1632 2503 duobus
1654 2446 1742 2501 muria
1764 2443 1885 2515 impediri
1899 2457 1934 2496 ro·

1140 2545 1198 2602 let:
1215 2544 1293 2614 Quod
1306 2544 1394 2600 suren
1407 2552 1510 2599 nostroe
1529 2540 1623 2595 aedito
1642 2537 1756 2594 oderim
1777 2552 1858 2608 quern
1878 2534 1935 2589 eur

1142 2644 1309 2708 proterrent,
1323 2644 1348 2689 et
1363 2632 1435 2704 qood
1444 2632 1581 2689 sinceriter
1587 2627 1731 2704 judicandi
1752 2627 1889 2700 prmus
1900 2639 1934 2678 re·

1141 2728 1246 2784 montis
1257 2736 1391 2783 onnotur.
1404 2725 1483 2781 Nunc
1498 2723 1545 2779 tihi
1559 2731 1698 2791 utrunque
1720 2720 1853 2791 inteprern
1872 2717 1936 2789 (nen

1141 2819 1225 2876 obstat
1238 2820 1320 2875 nostri
1330 2816 1512 2889 onerandis).
1527 2813 1581 2872 Sed
1592 2813 1656 2868 henr
1667 2823 1708 2881 tu,
1724 2813 1765 2880 pti
1780 2809 1933 2875 dulcimium,

1141 2912 1225 2968 bohen
1238 2911 1310 2982 quod
1321 2911 1487 2978 minearum,
1501 2909 1524 2965 ri
1536 2924 1588 2978 qun
1607 2905 1653 2962 tili
1663 2905 1747 2961 multo
1764 2905 1817 2960 rint
1831 2902 1935 2976 storin

1143 3006 1312 3073 concinnate,
1323 3004 1510 3076 quomueritts,
1525 3010 1550 3057 et
1566 3001 1626 3074 phar
1646 2998 1752 3066 eoloris,
1774 3013 1852 3068 qutun
1872 2996 1936 3052 urci

1103 3093 1127 3157 C
1142 3097 1237 3154 behem
1247 3098 1396 3163 uideantur,
1406 3097 1463 3168 ipse
1477 3095 1561 3150 ericus
1570 3097 1653 3166 pluere
1664 3094 1789 3164 pmmhi,
1809 3088 1936 3146 mutulo

1144 3199 1172 3245 nt
1184 3199 1267 3246 arent
1282 3190 1376 3262 mugio,
1388 3205 1467 3261 quom
1481 3184 1617 3258 lortioulo,
1631 3187 1715 3242 instar
1729 3185 1867 3257 uirgineos,
1877 3198 1936 3254 qm

1143 3293 1240 3338 nrotrer
1255 3282 1359 3339 student
1371 3281 1492 3337 demissis
1505 3278 1632 3345 humeris,
1643 3280 1742 3351 junceo
1756 3285 1854 3349 pectore
1866 3288 1936 3339 erse,

1143 3386 1172 3432 nt
1186 3378 1298 3452 qrneiler
1312 3378 1375 3433 sint.
1392 3376 1419 3431 N
1421 3377 1471 3431 orti
1481 3383 1586 3431 coetne.
1600 3372 1861 3446 Superaequum,
1872 3366 1938 3438 Qut

1142 3470 1253 3525 ntornrir
1261 3469 1456 3543 judicationem
1467 3483 1550 3523 amaru
1563 3466 1597 3522 de
1611 3482 1652 3533 eo,
1666 3465 1737 3537 quod
1751 3466 1807 3535 ipse
1827 3478 1937 3535 pronum
2030 3461 2031 3466 ’

1143 3562 1194 3619 tior
1206 3578 1261 3618 erse
1282 3561 1458 3617 modorum?
1479 3557 1573 3616 Dirum
1596 3558 1705 3624 scilieet,
1731 3575 1774 3612 nte
1793 3554 1939 3629 rigmiri

1142 3654 1258 3710 turribus
1268 3655 1334 3726 [orit
1345 3653 1493 3710 molescere
1506 3694 1515 3722 ,
1530 3653 1586 3708 hee
1595 3652 1672 3708 nortis
1684 3651 1757 3706 illies
1772 3651 1856 3722 rnaqir
1866 3661 1938 3720 murt
2030 3711 2031 3716 χ

1141 3748 1205 3804 mele
1215 3748 1319 3822 scripti,
1331 3758 1375 3803 our
1386 3752 1497 3820 {umore
1511 3754 1535 3804 et
1543 3748 1618 3812 meir,
1629 3744 1669 3809 δὶς
1679 3744 1774 3809 παῖδες
1784 3746 1808 3802 οἱ
1818 3749 1939 3822 γέρως·

1142 3839 1331 3908 desomnem,
1348 3842 1434 3896 uolent
1446 3841 1591 3896 austeritas
1603 3849 1660 3907 tuo,
1673 3839 1739 3895 nrilri
1758 3856 1819 3894 cunr
1844 3838 1941 3908 infame
2030 3841 2031 3880 l

1142 3933 1211 3989 notio
1222 3944 1273 3990 ert.
1290 3932 1365 4003 Vols,
1380 3934 1420 4005 fili
1432 3932 1596 3990 dulcissime.

1179 4047 1251 4104 Sunt
1264 4046 1347 4104 etiam
1361 4047 1445 4104 llusis
1455 4062 1506 4104 sua
1521 4046 1644 4113 ludiera;
1660 4045 1739 4103 mista
1752 4043 1893 4103 camenis

1143 4137 1204 4195 Otia
1217 4148 1291 4206 sunt,
1308 4138 1413 4195 mellite
1427 4154 1512 4210 nepos
1525 4154 1533 4206 ;
1546 4154 1598 4197 nee
1609 4154 1719 4210 semper
1727 4138 1823 4195 acerbi

1143 4229 1262 4286 Exercet
1272 4244 1373 4299 pueros
1383 4244 1436 4287 rex
1451 4229 1598 4302 imperiosa
1612 4231 1746 4303 magistri.

1143 4319 1197 4377 Sed
1211 4320 1308 4392 requie
1322 4320 1462 4394 studiique
1475 4320 1551 4379 uices
1562 4329 1619 4379 rata
1633 4331 1755 4393 tempora
1766 4330 1893 4379 serram.

1144 4411 1180 4468 Et
1192 4411 1260 4470 satis
1271 4422 1314 4471 est
1326 4430 1412 4486 puero
1427 4415 1542 4472 memori
1559 4414 1659 4487 legisse
1672 4414 1797 4472 libenter.

1103 4474 1179 4563 up,
1194 4521 1303 4565 cessare
1314 4506 1386 4565 lieet.
1401 4507 1484 4565 Graio
1494 4508 1596 4564 Schola
1611 4508 1722 4565 nomine
1733 4508 1806 4564 dicta
1822 4516 1881 4576 est,

1143 4599 1221 4656 iusta
1237 4599 1394 4658 laboriferis
1409 4599 1563 4656 tribuantur
1582 4609 1612 4656 ut
1621 4600 1677 4657 otia
1691 4598 1780 4656 llusis.

1142 4690 1201 4760 Quo
1215 4692 1301 4763 tnagis
1314 4690 1451 4748 alternum
1461 4700 1556 4748 certus
1568 4689 1716 4749 succedere
1726 4690 1837 4761 ludum,

1143 4784 1225 4841 bisce
1235 4784 1332 4841 libens.
1348 4784 1471 4857 Longum
1484 4784 1638 4843 delenitura
1660 4784 1778 4841 laborem

1142 4875 1289 4932 Intervalla
1305 4875 1411 4932 damus.
1427 4875 1552 4934 Studium
1569 4875 1673 4948 puerile
1688 4875 1800 4945 latiseit,

1143 4966 1217 5023 breta
1231 4968 1285 5024 nisi
1297 4969 1414 5026 austeris
1428 4968 1568 5026 varientur
1582 4969 1650 5027 lesta
1664 4969 1803 5041 profestis.

1141 5059 1221 5116 hisee
1231 5058 1330 5129 libens,
1347 5061 1435 5118 tetrici
1448 5075 1498 5118 nec
1513 5061 1690 5134 praeceptoris
1708 5060 1840 5118 habenas

1142 5151 1297 5224 betestnre,
1314 5169 1409 5226 nepos.
1423 5153 1576 5227 Numquam
1587 5154 1700 5212 horrida
1710 5153 1799 5211 lorma
1808 5156 1946 5229 magistri.

1140 5245 1191 5303 ilie
1201 5245 1266 5304 lieet
1281 5247 1367 5304 tristis
1380 5248 1474 5316 senio,
1488 5262 1541 5305 nee
1553 5261 1621 5305 rece
1635 5262 1760 5316 serenus,

1140 5337 1246 5410 Aspera
1260 5344 1408 5396 contractae
1421 5341 1563 5397 minitetur
1574 5340 1668 5413 iurgia
1687 5340 1794 5407 irratio,

1139 5427 1292 5501 Numquam
1308 5430 1433 5488 immanis
1449 5432 1502 5489 erit
1516 5433 1616 5506 placita
1631 5432 1812 5491 assuetudine
1823 5436 1931 5506 vetros,

1138 5520 1190 5591 Qui
1202 5523 1288 5580 semel
1299 5522 1438 5582 imbuerit.
1453 5524 1544 5598 liugas
1559 5526 1676 5583 nutricis
1689 5526 1806 5598 amabit,

1138 5613 1190 5684 Qui
1204 5616 1304 5689 relegit
1313 5627 1440 5676 matrem.
1456 5619 1575 5691 Pappos,
1590 5621 1721 5695 aviasque
1735 5631 1900 5682 trementes

1138 5707 1303 5767 lauterunt
1315 5711 1440 5784 patribus
1453 5709 1506 5769 seri
1521 5725 1593 5769 oona
1607 5727 1672 5770 cura
1684 5719 1816 5785 nepotes.
