4150 6167
163 237 216 305 tat

734 237 878 303 desueti
897 238 1093 305 indulto.
1114 244 1179 303 tto.
1202 246 1236 305 11.

1773 250 1827 313 tat

234 355 312 433 201
334 353 478 419 sidereum
506 369 568 429 tunt
593 355 688 430 toute
708 370 793 425 ottus,
817 361 1000 435 reupmnucd
1086 361 1152 429 Quis
1166 361 1217 418 luit
1229 361 1277 420 iiie
1289 361 1373 432 nitor,
1388 363 1480 422 diaria
1497 382 1558 424 com
1574 366 1703 425 Christus
1716 368 1751 447 alp
1763 369 1827 425 alvo

794 452 923 526 [creator

234 545 368 605 Nasceadi
382 545 434 607 snb
448 545 508 617 lege
520 545 589 613 inim
603 554 695 617 stupet
704 546 804 605 intruba
820 557 915 607 tenses

162 639 198 698 to
236 639 415 713 ingerlaus,
428 638 582 711 gaudetque
591 653 672 699 strunt
684 639 802 709 peritura
814 648 966 710 parentem.

268 733 384 805 lantque
394 746 491 788 nouem
501 732 598 800 lapsis,
608 730 709 789 decimi
719 731 753 789 de
764 731 858 795 limine
866 732 968 791 utensis

236 825 369 897 irrigabat
380 834 486 880 sacrata
501 823 571 890 dies,
584 839 645 879 cum
662 824 775 895 Virgine
787 826 839 884 ieta

1022 452 1057 510 50
1093 454 1231 512 Processit
1246 457 1395 527 splendore
1409 460 1503 514 notui
1518 460 1599 516 Velut
1611 461 1669 534 ipse
1682 462 1783 519 decoro

1093 548 1217 620 Sponsum
1228 564 1313 606 oratus
1328 550 1457 617 thalamo,
1470 551 1555 607 forma
1567 555 1706 624 speciosus
1717 571 1824 615 amoena

1094 642 1154 699 Prae
1168 644 1238 699 nutis
1250 644 1402 711 bominum,
1418 645 1495 717 crtg'us
1510 646 1633 704 radiante
1646 647 1732 719 ligura

1096 733 1224 791 Blandior
1237 736 1264 790 in
1280 735 1359 791 labiis
1371 735 1469 793 dibnsa
1479 748 1520 793 est
1536 738 1621 809 gratia
1637 740 1770 811 pulchris.

1093 827 1216 885 Otacilio
1231 828 1337 898 pietasi
1354 843 1388 886 nc
1400 844 1450 886 nos
1464 830 1564 887 servile
1580 840 1686 888 teneret

235 917 400 987 Promissum
411 916 637 989 compleritopus
647 916 765 981 Verbum
776 916 966 988 carpinetum,
1020 920 1057 975 55
1093 921 1208 977 Peccata
1222 922 1378 978 dominante
1388 923 1494 993 jugum,
1509 924 1620 981 seruilia
1633 940 1756 982 summus

237 1013 264 1068 lu
285 1009 364 1066 nobis
379 1009 502 1065 babitare
518 1010 634 1075 rolens;
651 1020 707 1065 tum
727 1011 860 1065 maximus
875 1011 966 1069 inians

162 1110 200 1169 15
237 1108 397 1165 intemerata
412 1105 454 1160 sari
470 1119 638 1163 conservans
653 1105 757 1162 uiscera
773 1106 877 1183 templi,

237 1202 353 1269 illaesum
370 1199 495 1256 vacuavit
511 1198 573 1265 iter,
591 1213 640 1266 pro
654 1199 760 1270 virgine
775 1199 852 1255 testis

234 1293 331 1351 Partus
345 1291 433 1358 adest,
448 1292 539 1348 clausa
554 1289 721 1367 ingrediens,
737 1298 765 1346 et
778 1290 870 1349 clausa
886 1290 970 1351 relin-

811 1384 931 1461 [queris.

235 1479 462 1559 modenana
472 1478 516 1534 iar
529 1477 710 1553 aaundaguae
720 1479 870 1550 totogratia
879 1478 968 1545 coclui

1091 1013 1210 1073 ilembra
1236 1014 1297 1071 tulit
1322 1016 1468 1085 Dominus,
1496 1018 1631 1091 primique
1654 1021 1690 1077 ab
1719 1020 1825 1094 origine

1670 1113 1680 1187 [
1695 1113 1788 1173 mandi

1092 1198 1187 1257 Omnia
1202 1200 1248 1271 qui
1262 1200 1379 1272 propriis
1394 1202 1478 1263 restit
1492 1205 1630 1261 nascentia
1644 1206 1734 1273 donis,

1091 1291 1173 1364 203
1193 1290 1302 1347 Obsicus
1316 1293 1421 1365 exiguis
1437 1294 1530 1355 ltabuit
1542 1297 1682 1355 uelamina
1702 1300 1824 1371 pannis:

1095 1386 1235 1457 btrcrnqtte
1249 1386 1392 1458 procellosi
1403 1404 1458 1447 non
1474 1390 1581 1447 mobilis
1596 1391 1667 1449 unda
1680 1393 1824 1463 prolundi,

1039 1475 1075 1535 eb
1094 1476 1241 1537 Terrarum
1253 1493 1309 1537 uon
1320 1494 1402 1539 onttto
1416 1482 1517 1549 solum,
1534 1483 1711 1557 spatiosaque
1725 1486 1773 1543 lati

844 1572 933 1630 orbs
953 1570 1147 1630 asselinus.

157 1668 221 1739 lege
236 1665 354 1728 delituit.
371 1682 431 1738 quat
452 1674 549 1725 cuncta
563 1679 614 1721 sao
627 1663 703 1725 nasci
728 1675 794 1721 nutu
817 1665 1050 1728 serumserum
1071 1672 1237 1733 conceptus,
1262 1674 1290 1720 et
1312 1674 1420 1723 creatus
1440 1677 1493 1724 est.
1509 1668 1577 1739 Quae
1597 1686 1675 1736 norae
1694 1673 1763 1737 lucis
1778 1674 1825 1731 illa

158 1759 316 1816 Tumebaut
340 1759 453 1835 virginis
476 1759 563 1826 sinus,
590 1765 617 1814 et
637 1756 833 1814 iocunditatem
853 1773 965 1815 suorum

156 1852 298 1910 uiscerum
310 1867 410 1927 corpus
423 1851 573 1909 nrirabatur
588 1852 731 1909 intactum.
742 1850 852 1908 Grande
864 1851 966 1906 mondo

156 1945 316 2019 spondebat
330 1945 466 2001 auxilium
482 1944 590 2000 feminei
609 1954 703 2015 partus
718 1944 778 1999 siae
791 1944 849 1999 riro
864 1953 968 2016 myste-

155 2041 245 2107 riunt,
259 2055 320 2111 queat
337 2039 438 2094 nuliius
454 2038 568 2094 macaria
584 2052 664 2092 narro
687 2036 802 2102 luseata,
825 2045 902 2099 tenso
918 2051 967 2092 uu·

156 2136 296 2192 oriebatur
309 2145 407 2190 uentre
427 2131 589 2204 precordia,
614 2132 748 2205 genitoris
767 2132 883 2205 genitrix
902 2146 966 2191 mox

155 2226 267 2285 luitura.

196 2320 292 2378 Nonus
310 2319 414 2375 interea
431 2320 532 2375 mensis
546 2316 703 2386 eiiiuxerat,
720 2329 746 2373 et
762 2316 861 2377 decimi
874 2315 966 2373 iutuen

154 2415 319 2473 immortale
337 2414 471 2483 radiabat,
490 2412 588 2469 claruit
608 2411 664 2468 ietu
685 2412 810 2481 uirginea
835 2408 968 2482 spiritalis

152 2509 256 2581 gratim
270 2508 413 2562 maniiesta
431 2505 589 2576 promissio,
600 2514 628 2561 et
639 2516 653 2543 ι
668 2503 782 2561 Verbum
796 2520 858 2557 coro
868 2504 968 2575 sectum

154 2612 206 2671 est,
226 2612 250 2655 et
264 2600 391 2655 bubiteuit
405 2601 430 2654 ia
447 2598 568 2665 nodir,id
581 2606 633 2662 est,
650 2597 785 2659 habitavit
801 2596 828 2654 iu
845 2596 966 2663 bomine,

154 2695 241 2768 eujrts
255 2710 285 2750 se
300 2693 426 2767 dunatus
439 2702 483 2750 est
493 2708 576 2748 corne
587 2693 691 2749 vestiri.
707 2692 798 2747 lrriaas
812 2706 922 2763 paruus,
935 2706 969 2751 ae

155 2789 312 2849 marlotus,
329 2788 459 2844 membris
474 2790 579 2844 seilicet
595 2788 722 2858 exiguus,
737 2785 840 2841 deitate
855 2777 967 2855 praecel-

154 2898 217 2947 sus.
235 2897 285 2955 per
300 2881 446 2951 hospitalis
461 2883 556 2955 templi
569 2882 704 2938 sinceram
719 2879 842 2945 defluens
858 2878 968 2935 castita·

1022 1762 1088 1811 tttnc
1101 1756 1212 1811 claritas
1227 1755 1320 1823 mundi
1337 1758 1420 1825 totius
1434 1774 1498 1817 oras
1519 1762 1656 1833 implerttt
1679 1781 1740 1837 quat
1753 1768 1825 1825 cmlo

1024 1847 1132 1903 laetitia!
1149 1848 1210 1921 quis
1223 1849 1269 1919 iiie
1284 1849 1358 1911 nitor
1380 1850 1492 1918 cllnlsit,
1506 1867 1570 1910 eum
1590 1856 1718 1921 cbristus
1732 1859 1824 1928 splen-

1022 1941 1090 1998 dore
1103 1941 1223 2010 sidereo,
1239 1940 1307 1999 uelut
1319 1961 1431 2015 sparteo
1444 1947 1589 2018 procederae
1600 1949 1635 2005 de
1649 1950 1764 2011 tbulauro
1777 1967 1826 2008 suo

1023 2031 1113 2106 (Psoi.
1128 2050 1204 2111 tunt,
1221 2036 1261 2109 li),
1277 2036 1368 2095 uarie
1380 2040 1517 2107 praeusta
1528 2055 1562 2099 ex
1577 2044 1671 2099 uterol
1689 2041 1774 2115 Cujus
1787 2046 1825 2102 ila

1023 2126 1129 2199 specics
1151 2128 1244 2191 diuina
1257 2129 1403 2197 ridebatur
1415 2130 1430 2175 b
1443 2133 1619 2203 praeminere,
1636 2146 1666 2192 ut
1679 2137 1826 2194 davidicus

1023 2219 1113 2290 ipsum
1129 2219 1249 2289 psalmus
1260 2219 1299 2279 ua
1313 2222 1472 2293 propentiet
1490 2243 1498 2279 ε
1518 2225 1659 2298 Spurianus
1673 2236 1760 2300 loretto
1772 2245 1828 2303 pro·

1023 2311 1088 2379 liliis
1109 2312 1256 2369 bertricum.
1277 2312 1382 2382 Diffusa
1405 2324 1443 2371 est
1455 2317 1582 2389 graticio
1601 2320 1678 2381 labiis
1692 2324 1755 2390 tuis,
1768 2332 1824 2379 ete.

1024 2403 1121 2474 (Psoi.
1136 2421 1209 2474 reru,
1224 2405 1274 2479 5).
1289 2406 1364 2465 Bene
1379 2424 1434 2480 pre
1454 2409 1518 2479 dbis
1530 2410 1666 2471 lustinum
1679 2415 1826 2484 speciosum

1024 2495 1158 2565 definirit,
1171 2497 1235 2568 guia
1247 2498 1310 2555 iicet
1323 2499 1450 2559 bonane
1461 2503 1617 2573 susceperit
1627 2505 1825 2565 iucarnationis

1023 2588 1151 2661 effigient,
1169 2589 1310 2667 liliumque
1330 2591 1452 2653 bominis
1468 2593 1495 2653 in
1511 2597 1667 2668 erueretur
1690 2600 1825 2670 praediea-

1025 2681 1099 2736 tione
1123 2695 1196 2753 sape
1221 2682 1336 2754 dixerit,
1361 2697 1503 2757 peccatum
1520 2703 1570 2745 nos
1585 2699 1677 2755 maren
1692 2693 1825 2767 originale

1022 2776 1186 2846 foedaverat,
1200 2779 1273 2849 guod
1290 2780 1347 2851 ipse
1361 2796 1416 2847 poa
1431 2781 1543 2851 babuit,
1557 2784 1604 2853 oui
1618 2798 1675 2843 sna
1689 2800 1741 2843 tros
1753 2788 1824 2843 uati

1024 2877 1116 2933 ritutis
1139 2876 1259 2948 puritate
1277 2877 1430 2937 mundarit.
1450 2877 1475 2939 1)
1493 2880 1581 2950 piem
1596 2880 1729 2948 clemens,
1742 2891 1771 2938 et
1786 2883 1826 2939 ia·

155 2988 225 3047 tera,
247 2992 302 3033 non
319 2977 387 3033 laesit
402 2992 502 3047 corpus
522 2976 690 3040 abscedens,
718 2973 764 3046 nui
780 2988 835 3031 non
860 2973 969 3039 laeserat
1024 2969 1086 3025 citis
1100 2969 1132 3025 ad
1146 2970 1279 3033 saluteml
1296 2986 1331 3026 ue
1346 2985 1397 3033 nos
1412 2969 1506 3042 jugum
1527 2971 1665 3031 diuturna
1688 2985 1826 3044 premeret

154 3086 222 3129 runt
238 3072 371 3129 venisset.
389 3071 460 3128 Vere
474 3072 573 3127 divinae
587 3070 772 3142 generationis
786 3079 828 3125 est
851 3070 904 3125 boc
923 3065 1004 3131 stt-C
1024 3064 1167 3123 seruitutis
1190 3080 1240 3137 pro
1266 3065 1428 3125 conditione
1454 3067 1576 3137 peccati,
1592 3066 1733 3127 Dumium,
1751 3070 1826 3125 servi

153 3175 285 3233 cretum,
302 3167 380 3221 testis
394 3154 509 3236 uirginis
532 3172 626 3237 partus
646 3163 812 3232 ostenditur,
838 3163 883 3235 qui
908 3178 964 3219 ma·
1024 3159 1146 3217 mctubra
1170 3160 1304 3232 suscepit.
1321 3159 1471 3225 dudiamus
1489 3176 1584 3219 uocem
1609 3162 1687 3218 Pauli
1708 3163 1826 3222 dicentis

155 3260 233 3318 terni
256 3259 370 3333 pudoris
395 3269 505 3329 eustos,
525 3258 663 3335 ingressus
678 3258 777 3315 clausis
800 3257 965 3325 visceribus,
1024 3252 1177 3325 apostoli:
1203 3252 1382 3325 Semetiptttru
1395 3255 1550 3322 mustiole,
1579 3264 1604 3311 rt
1623 3256 1736 3326 lumem
1758 3257 1826 3312 moi

910 3346 1072 3411 80110111.

190 3466 244 3527 58.
266 3465 360 3533 Perrh.
373 3466 510 3536 compleris
522 3479 573 3537 pro
585 3480 648 3520 ator
666 3464 767 3536 rupta,
787 3462 968 3534 impedienti·
1018 3461 1140 3518 mortium
1152 3461 1488 3535 intemeratoerirgiuitatis
1499 3464 1624 3533 lleiparae
1642 3475 1825 3537 antepartum

153 3538 209 3597 bas
226 3538 336 3593 schedis
353 3538 456 3593 Puella.
1018 3543 1046 3589 et
1069 3535 1095 3587 iu
1120 3540 1199 3604 partu
1219 3534 1334 3603 protulit
1345 3551 1380 3592 ex
1403 3550 1485 3606 prosa
1499 3534 1660 3603 liutbertus,
1677 3547 1707 3594 ut
1720 3539 1779 3595 diri
1794 3557 1823 3596 n.

191 3609 243 3667 59.
264 3609 331 3679 lieg.
344 3610 369 3674 1,
386 3602 534 3675 Nesceudo,
547 3607 689 3674 posteriori
701 3622 738 3662 nt.
751 3605 894 3662 n'aeceadl.
906 3604 969 3661 cel·
1019 3605 1071 3659 tet
1088 3604 1195 3673 Proieg.

154 3683 248 3738 larius
259 3696 321 3736 curn
331 3682 390 3735 solo
401 3696 451 3736 ms.
462 3679 564 3735 lleiusii
576 3680 673 3751 plenos.
686 3679 827 3735 Grancros
841 3688 868 3731 ct
884 3678 967 3731 drut-
1054 3677 1099 3730 18.
1122 3676 1150 3731 lu
1166 3676 1233 3746 neg.
1247 3677 1261 3731 1
1274 3678 1379 3735 uidetur
1390 3676 1474 3733 luisse
1488 3687 1517 3733 ut
1531 3678 1557 3732 in
1572 3678 1643 3741 aliis.
1660 3680 1761 3750 gretie:
1776 3682 1825 3737 sed

154 3754 257 3809 senius
273 3765 435 3808 revocarunt
450 3760 547 3815 birros,
569 3751 640 3821 otrod
656 3750 717 3805 cod.
730 3750 842 3805 Tauriu.
862 3757 890 3803 et
904 3763 968 3803 nos·
1019 3747 1102 3801 etiarn
1113 3756 1192 3803 uetus
1204 3763 1300 3804 marrus
1314 3750 1424 3817 scripsit
1436 3749 1533 3821 gaudie
1546 3748 1637 3825 :quod
1649 3764 1717 3817 sane
1728 3750 1826 3823 displi-

155 3826 192 3880 tri
208 3822 386 3890 mistretam,
402 3832 515 3893 excepto
531 3821 590 3875 vat,
609 3820 647 3887 i.,
658 3820 701 3875 ubi
715 3832 757 3878 est
771 3822 871 3891 plenos.
887 3818 968 3875 Utra-
1020 3833 1084 3873 cere
1099 3833 1152 3874 uon
1167 3819 1259 3885 debet,
1275 3830 1331 3877 eta
1349 3835 1429 3890 prosa
1445 3818 1591 3879 dedicatur.

1056 3887 1102 3946 50.
1125 3890 1186 3945 l'at.
1204 3892 1214 3944 1
1231 3907 1246 3947 a
1261 3907 1305 3967 pr.
1320 3908 1371 3961 nu,
1398 3892 1490 3957 Garat,
1515 3891 1600 3951 Torn.
1624 3893 1653 3957 2,
1673 3892 1824 3959 desereire

154 3911 213 3967 que
226 3894 336 3965 meets
348 3897 452 3963 poetica
467 3904 517 3948 est.
534 3893 616 3948 Prosa
632 3908 682 3963 pro
696 3902 780 3949 tensos
794 3893 867 3947 iacit.

192 3970 244 4024 lo.
264 3964 428 4035 Comectma
452 3966 600 4020 Butrntanni
629 3963 778 4027 clauditque
802 3980 886 4018 strunt.
912 3962 969 4032 ligo
1022 3959 1083 4016 Vnt.
1100 3962 1111 4016 l
1127 3961 1228 4018 iactuum
1242 3962 1336 4019 decoro
1355 3979 1416 4019 cttnt
1435 3962 1496 4021 aliis
1512 3964 1616 4023 normis
1631 3980 1711 4031 nass„
1726 3975 1754 4020 et
1767 3967 1827 4036 ple-

156 4036 967 4127 eontrr‚silnrenisseuteimeditpee,conjecisseangoudet-
1020 4034 1112 4101 risque
1135 4036 1229 4100 editis,
1257 4034 1435 4106 probantibus
1458 4036 1568 4091 sctuetlis
1590 4033 1694 4103 Poelnt.
1719 4036 1826 4109 Vulgari
1860 4094 1865 4101 ,

155 4108 318 4181 possedeo
333 4108 385 4163 boc
399 4122 455 4178 prae
471 4109 517 4163 illo
529 4109 626 4177 placet.
1020 4105 1144 4160 nonnulii
1160 4104 1263 4175 deeora,
1279 4106 1353 4178 qtrod
1368 4125 1422 4169 nun
1438 4107 1476 4163 ita
1490 4106 1592 4177 piacet.

195 4182 246 4237 11.
267 4179 347 4235 lirim.
366 4178 470 4234 Natalia
482 4178 596 4234 Domini.
612 4179 715 4235 Poeim.
730 4177 874 4255 El'irgiuc
885 4178 1011 4245 nurci-1)
1057 4177 1103 4230 51.
1118 4176 1183 4233 Urb.
1200 4193 1259 4232 oros
1273 4196 1279 4233 :
1294 4182 1354 4249 lege
1367 4195 1459 4233 oratis.

156 4264 204 4308 trrr
228 4251 357 4307 Cincius.
372 4281 408 4293 -
421 4251 585 4321 Arrotreuius
606 4260 692 4316 nutat,
720 4252 746 4304 iu
761 4250 822 4305 liet.
842 4249 866 4315 l,
884 4248 969 4315 lion,
1060 4248 1106 4302 bd.
1128 4248 1199 4321 ch.
1218 4250 1245 4311 l,
1262 4248 1325 4309 Prae
1344 4250 1410 4321 tiliis
1424 4265 1506 4317 snpra
1531 4248 1638 4309 diuersa
1662 4251 1759 4321 lectio,
1787 4253 1831 4317 spi

157 4330 266 4379 inaura
279 4337 341 4379 esse
353 4323 449 4385 decem,
465 4323 513 4377 sod
528 4338 581 4378 non
596 4322 752 4393 distinguit,
769 4338 802 4375 au
816 4321 905 4374 deora
920 4334 970 4402 po-
1022 4324 1170 4384 eorrectio,
1189 4318 1249 4375 Prae
1261 4323 1339 4386 raetis,
1355 4321 1427 4391 quod
1443 4321 1566 4391 pleritpte
1579 4320 1626 4379 alii
1642 4334 1709 4381 mss.
1724 4322 1830 4383 crediti

157 4398 247 4450 suem
262 4395 298 4449 rit
312 4408 363 4462 pro
377 4410 479 4458 narem,
495 4408 529 4448 an
547 4410 595 4462 pro
610 4394 714 4448 deeiuti.
737 4388 906 4449 Utrrtutlibet
920 4406 971 4446 ritu·
1024 4401 1230 4459 repraesentant.
1245 4391 1275 4448 lu
1292 4390 1349 4448 Olt-
1371 4393 1385 4453 l
1402 4408 1487 4461 supra
1502 4392 1570 4447 uotis
1583 4392 1666 4449 veluti
1679 4394 1772 4464 possa
1786 4405 1830 4449 cst

159 4465 276 4538 probari
290 4466 381 4522 debet.
395 4464 472 4532 idem
489 4465 653 4521 drntrenius
666 4480 726 4520 carru
741 4463 850 4520 schedis
866 4464 968 4517 l‘uelrn.
1023 4460 1096 4530 libis.
1111 4460 1139 4516 ln
1153 4463 1197 4518 ed.
1212 4463 1288 4535 Lips.
1301 4460 1404 4536 prodiit
1418 4462 1480 4521 Prrc
1492 4464 1577 4535 §iiim
1599 4466 1748 4529 ιιοιιιιιιοιὶι
1762 4466 1830 4525 duae

157 4540 193 4593 de
222 4537 339 4593 umbe:
365 4539 402 4591 ita
423 4536 507 4592 etiam
526 4537 616 4591 otta
638 4537 844 4592 rocenscoder.
871 4532 970 4589 Ceteri
1024 4540 1074 4586 bus
1088 4535 1199 4606 syllabis
1212 4532 1238 4589 iu
1253 4551 1348 4663 naarai.

158 4608 253 4667 nostrl
265 4623 329 4662 otum
346 4609 452 4675 Patria,
471 4607 678 4673 utendam„
695 4607 867 4672 msbrutz„
884 4606 916 4659 de
935 4606 970 4660 li·
1059 4604 1105 4661 55.
1125 4606 1274 4665 Partitis
1317 4608 1381 4673 bris.

158 4683 246 4737 uriae.
268 4679 297 4735 lu
312 4694 391 4750 pesa
412 4678 516 4749 pariter
532 4680 623 4734 malint
645 4681 721 4732 limen
743 4694 792 4749 pro
807 4681 903 4732 drumart.
918 4676 970 4732 Nc·
1059 4678 1102 4732 35.
1124 4676 1203 4744 beu..
1215 4677 1271 4735 Οιι.
1286 4680 1316 4747 2,
1328 4696 1389 4737 cuttt
1401 4677 1512 4746 carru,
1524 4679 1735 4737 demerendi
1744 4680 1832 4743 doreti·

158 4753 316 4808 larisseoais
329 4750 447 4820 explicat
462 4748 495 4804 ia
509 4751 648 4819 principio.
663 4761 691 4804 et
703 4760 789 4815 cantat,
801 4746 970 4819 praepositio·
1023 4756 1110 4803 nante.

159 4840 230 4880 neat
246 4838 296 4891 pro
312 4822 502 4892 propositione
517 4822 653 4884 adbiberi.
670 4822 811 4890 ncmpcde
826 4823 926 4890 proin.
1061 4820 1106 4875 56.
1127 4820 1188 4876 liat.
1207 4822 1233 4891 1,
1284 4824 1393 4891 ‘meque

200 4891 763 4969 idom.l,dtrbie,i’erittmearofoetttm
779 4892 885 4947 esttita
901 4892 974 4945 clare
1062 4888 1176 4948 stou.
1196 4894 1221 4957 l.
1263 4893 1724 4966 batumeupraotsdasdtuua
1737 4899 1830 4970 peso&

160 4966 238 5036 Beg.
253 4964 280 5029 5,
293 4976 319 5020 et
336 4964 430 5019 atdans.
446 4965 523 5020 ‘istnc
535 4963 757 5035 distinguendum
769 4964 821 5017 erit
832 4964 891 5018 sic:
907 4959 974 5015 Pro·
1027 4979 1060 5019 ex
1075 4962 1224 5031 Terentiu;
1239 4966 1323 5036 quand,
1335 4967 1387 5023 etsi
1402 4966 1481 5024 multi
1491 4969 1630 5037 occipiunt
1644 4985 1695 5040 pru
1705 4967 1834 5033 sapumlido

161 5039 277 5092 soritarum
288 5036 422 5108 coemerit
435 5052 500 5106 opita
517 5034 641 5105 Verbum,
653 5037 823 5105 carpinetum
838 5042 876 5089 est
891 5063 925 5074 -
942 5032 974 5089 iu
1028 5035 1138 5104 puniris,
1155 5036 1264 5105 proprie
1274 5046 1370 5095 tamen
1382 5039 1479 5101 mauu
1492 5048 1534 5097 est
1545 5048 1648 5103 tectas.
1664 5041 1811 5095 harmotus.

162 5109 372 5164 redebebitore
387 5108 485 5162 emere.
1066 5105 1111 5160 bb.
1133 5105 1259 5165 nonnulii
1279 5110 1357 5179 editi,
1376 5110 1461 5176 Queat
1481 5111 1640 5179 moralem,
1660 5117 1830 5181 repugnatne

204 5180 252 5235 tl.
273 5178 364 5236 ottob
379 5183 408 5242 1,
423 5182 538 5235 eteorum
551 5179 708 5251 ingrediens,
724 5177 889 5245 eioasetrtptte
899 5176 978 5231 reiiu·
1030 5185 1130 5234 rttetrn.

160 5267 251 5321 quero
262 5268 272 5305 .·
283 5250 355 5321 quod
370 5251 452 5307 etiam
467 5252 623 5307 Bnrmannu
638 5250 664 5306 in
681 5261 799 5307 merrtem
813 5249 899 5303 uenit.
923 5247 978 5307 Sed
1068 5248 1113 5303 llll.
1134 5246 1227 5316 Cant,
1242 5250 1328 5309 Torn.
1342 5251 1371 5321 1,
1385 5253 1412 5318 b,
1428 5253 1609 5323 mersoque:
1624 5251 1833 5323 nngtssentes·

163 5324 258 5392 proba
271 5331 316 5378 est
330 5323 574 5378 iectiueorutnuuis
590 5338 651 5377 cum
664 5324 752 5393 glossa
766 5320 890 5375 codicum
904 5318 977 5373 cluu-
1033 5323 1078 5374 tin
1092 5322 1219 5393 congruit
1232 5326 1407 5396 rpptiosngue.
1430 5324 1571 5395 Frequens
1591 5332 1634 5380 est
1654 5322 1831 5379 motatiolta·

161 5411 197 5449 so
217 5425 249 5435 -
270 5396 377 5449 cucero.
404 5394 432 5449 ln
454 5398 522 5465 ring.
548 5394 783 5450 videturclottsout
807 5392 977 5463 inprediettt:
1033 5407 1215 5461 rutttvoctttit.

162 5476 267 5540 postea
282 5466 356 5522 ctare
374 5476 399 5521 et
413 5465 503 5527 clauso
525 5467 681 5538 relinquens.
699 5466 756 5520 lluc
774 5465 879 5519 elatam
900 5462 981 5521 testi·

210 5570 226 5597 ι·
244 5560 357 5617 loannis
372 5576 432 5627 cap.
451 5561 478 5626 1,
492 5575 564 5617 rers.
583 5560 626 5615 lt.
644 5559 798 5623 liutbertus,
811 5556 867 5628 quai,
881 5565 911 5611 ιιι
924 5556 980 5612 diti
1033 5565 1081 5625 est,
1096 5569 1119 5614 et
1133 5570 1245 5631 mentm.

165 5632 282 5702 Proleg.
307 5650 335 5688 tt.
363 5632 425 5694 168,
442 5632 584 5688 Sednliunt
601 5633 702 5695 laudat,
719 5633 759 5686 sic
773 5628 858 5701 legit:
883 5624 980 5698 lasona
1067 5628 1214 5705 bllarggpj
1241 5632 1391 5705 priuignum
1413 5633 1543 5705 ,purgum
1564 5631 1673 5691 dipem
1701 5633 1834 5704 mmm„

165 5720 285 5773 nutuque
309 5721 437 5773 peraeta...
461 5706 580 5775 exiguus.
604 5704 649 5757 sed
673 5702 801 5756 deitate...
831 5702 980 5766 abscedens,
1032 5705 1164 5774 poeairere,
2040 5708 2041 5769 p

165 5775 247 5847 proed
268 5792 354 5832 nott...
371 5777 543 5848 generationis
566 5775 660 5831 doce...
686 5774 825 5830 visceribus
844 5779 981 5841 conceptos
2040 5780 2041 5841 p

2040 5858 2041 5889 l
