4150 6167
198 204 1837 286 Q

823 384 910 431 Anno
930 384 1049 435 Domi
1069 387 1221 435 cccxxtx.

309 509 407 673 o.
472 508 576 672 v.
646 505 1044 722 nqorn.
1111 497 1751 724 turonens,

687 775 1029 863 PRESBYTER
1065 780 1372 870 HISPANUS.

827 917 920 980 (iuxta
932 918 1069 971 editionem
1080 920 1215 988 brenulo.)

634 1043 1404 1370 Qnidtobsiriiumtin.

195 1475 383 1537 illustrissimo
395 1489 424 1539 et
436 1484 670 1542 reverendissimo
685 1485 796 1543 domino
813 1485 1148 1560 incommemoratos«)
1163 1489 1336 1549 tristanum
1351 1492 1523 1568 Loomzrns,
1540 1501 1626 1571 equiti
1641 1505 1849 1580 praeterluenti

241 1572 346 1631 ordinis
357 1575 496 1647 Hisporriei
507 1577 600 1636 Caroli
616 1578 669 1648 ΙΙΙ,
682 1579 1062 1648 erelridieoooocolstravae,
1076 1585 1209 1642 oortooico
1225 1586 1376 1656 Toletano,
1389 1602 1460 1660 eto,
1476 1592 1498 1647 F
1499 1610 1627 1654 nourrius
1642 1601 1797 1659 inermos.

228 1690 413 1767 bronqciiram
427 1694 593 1767 Historiam,
605 1697 724 1774 Greqori,
740 1702 779 1755 uir
791 1700 963 1770 amplissime,
977 1718 1055 1774 quam
1068 1701 1171 1759 Latinis
1182 1704 1295 1761 uersibus
1306 1704 1437 1763 iuvencus
1455 1713 1588 1784 presbqtec
1596 1716 1720 1789 reddidit,
1741 1736 1801 1775 eune
1813 1719 1849 1773 ad

189 1793 276 1842 odero
287 1789 447 1859 menptecto
458 1807 651 1866 cecoqnoseece,
662 1792 833 1865 subiectisque
852 1794 1041 1862 notationibus,
1054 1797 1126 1867 quod
1139 1798 1256 1866 prosince
1273 1799 1299 1852 in
1318 1797 1474 1872 Draeocstia
1490 1821 1536 1859 nec
1548 1806 1630 1864 multo
1651 1820 1712 1866 onte
1730 1814 1757 1868 bn
1774 1813 1847 1870 Prtt·

189 1877 292 1946 dontio,
307 1884 429 1952 scemam,
449 1883 583 1939 iilustrare
597 1885 800 1952 constituissem,
809 1885 991 1959 jornqneodeo
1004 1887 1031 1941 in
1045 1901 1076 1940 eo
1089 1901 1180 1953 mem,
1195 1896 1222 1941 ut
1232 1888 1264 1942 de
1274 1887 1386 1945 editione
1400 1894 1559 1962 roqimrem,·
1573 1903 1721 1970 orqnmenti
1735 1904 1847 1975 diffieui-
1904 1969 1910 1982 ι

190 1981 244 2029 tate
266 1991 319 2031 non
337 1976 424 2031 minus
438 1993 518 2048 quom
533 1981 669 2052 nrajcstate
682 1979 767 2035 subito
777 1979 930 2047 deterritus,
955 1981 1062 2035 dmrtino
1078 1979 1110 2035 ab
1129 1981 1179 2036 iae
1193 1991 1278 2038 mente
1292 1983 1456 2054 destitissem,
1479 1991 1531 2046 nisi
1545 2001 1574 2048 tu
1592 2011 1640 2066 pro
1652 2013 1693 2061 eo,
1709 2015 1761 2070 quo
1776 2016 1803 2057 es
1817 2002 1845 2055 in

188 2083 263 2125 omne
274 2068 423 2127 litterarum
440 2088 532 2145 qenus,
546 2083 601 2127 tum
615 2074 654 2129 nel
666 2073 779 2129 menime
801 2074 829 2129 in
843 2073 890 2129 bns
903 2075 1045 2130 sanctiores
1069 2074 1169 2142 studio,
1192 2075 1387 2144 intercessisses,
1402 2079 1571 2155 stimulosque
1586 2088 1650 2141 miii
1662 2104 1722 2144 cum
1735 2094 1772 2146 od
1790 2093 1845 2149 atio

190 2175 269 2230 opero
281 2161 448 2228 absoioendo,
468 2173 523 2219 tum
533 2166 676 2236 prasertim
686 2165 722 2220 ad
732 2164 782 2220 ior
794 2164 980 2236 perficiendum
990 2163 1160 2221 admonisset.
1175 2161 1280 2238 itaque,
1295 2168 1366 2238 quod
1379 2170 1526 2241 palentin
1541 2185 1597 2230 erat
1618 2177 1728 2247 bomini,
1742 2190 1779 2236 tot
1790 2200 1840 2239 na·

187 2252 302 2310 minibus
315 2256 364 2312 tibi
376 2256 510 2325 obstricto,
526 2260 620 2330 quique
634 2266 736 2313 tantum
746 2258 849 2330 judicio
872 2267 950 2328 atque
963 2258 1049 2313 amori
1063 2266 1108 2312 too
1119 2256 1218 2328 tribuit,
1229 2268 1357 2331 quantum
1374 2267 1684 2341 quampaneiscimorum,
1696 2276 1841 2333 statimtibi

189 2349 266 2421 parui
279 2389 286 2413 ,
301 2367 332 2404 ee
346 2349 492 2406 toimcon
504 2366 588 2406 meum
598 2350 819 2423 qualitercumque
828 2350 975 2407 obuolutum
985 2352 1182 2424 tqpoqrapiicis
1204 2355 1289 2424 operis
1308 2357 1487 2414 eccutendon
1503 2362 1602 2419 tradidi
1611 2381 1621 2432 ;
1636 2383 1711 2438 quem
1730 2371 1808 2428 modo
1824 2391 1842 2428 a

188 2441 271 2513 prato
285 2453 409 2499 recentem
423 2443 468 2500 tibi
478 2445 554 2512 sisto,
570 2446 670 2513 uirtuti,
684 2454 712 2501 nt
725 2445 762 2499 nit
775 2444 830 2511 iiic,
841 2461 874 2498 oc
896 2444 995 2499 inmitis
1013 2444 1138 2501 dedicans
1151 2444 1246 2501 bibrum
1265 2449 1329 2506 tuis.
1350 2447 1449 2506 Fateor
1470 2470 1543 2522 sone,
1565 2461 1622 2529 ejus
1632 2462 1772 2519 editionem
1790 2483 1843 2524 nan

185 2534 262 2589 iiiam
274 2535 379 2604 quidem
390 2534 424 2590 ad
433 2551 544 2608 unquam
557 2539 710 2608 perfectam,
725 2544 771 2589 ont
783 2535 896 2589 inumeris
906 2534 961 2588 sois
974 2532 1093 2589 omnbus
1108 2535 1254 2591 absolutam
1268 2537 1365 2608 rann:
1375 2541 1422 2594 sed
1435 2550 1520 2598 tomen
1535 2547 1662 2615 omnium,
1677 2569 1736 2622 qua
1753 2554 1841 2612 adine

186 2636 333 2697 procurata
343 2634 413 2692 sunt,
424 2626 699 2697 locupletissimommt
714 2626 749 2681 od
760 2626 1022 2699 eompcriectionem,
1041 2626 1168 2698 quasique
1183 2628 1334 2700 tostinum,
1350 2631 1450 2700 quode
1468 2649 1510 2690 me
1524 2644 1669 2707 eripecmci
1678 2648 1773 2717 potuit,
1793 2667 1841 2722 pra

185 2715 256 2770 triciti
267 2731 325 2771 meo
337 2726 420 2785 porte,
436 2728 465 2772 ut
476 2715 523 2771 tibi
535 2717 696 2791 obsequerer,
713 2732 767 2773 esse
782 2718 946 2789 perductam,
962 2732 1048 2783 nemo,
1067 2718 1174 2791 opinor,
1191 2718 1358 2790 inficiabitur.
1384 2722 1444 2790 Quo
1455 2726 1483 2781 in
1496 2744 1524 2782 re
1536 2746 1587 2786 non
1601 2732 1688 2790 seium
1700 2754 1746 2793 me
1763 2757 1840 2812 quam

186 2807 361 2879 qratissimuns
373 2822 435 2881 erqo
445 2816 470 2863 te
479 2807 601 2880 aequorei
616 2809 710 2877 cupio;
720 2807 767 2863 ced
779 2809 856 2863 etiam
868 2824 955 2879 spero,
967 2818 1030 2877 opto
1042 2809 1147 2879 quidem
1167 2819 1248 2875 certe,
1262 2827 1401 2869 memorem
1419 2816 1501 2872 uideri
1523 2817 1715 2896 beireficiacum,
1734 2848 1793 2903 qooe
1806 2839 1839 2892 nn

54 2911 61 2922 ·
140 2881 148 2898 ⁶
186 2899 387 2955 eminentissimo
398 2900 534 2957 eordinolc
544 2898 688 2956 Francicus
703 2900 816 2956 Antonio
830 2897 996 2966 ismeneono,
1008 2898 1208 2971 archiepiscopo
1220 2899 1357 2969 Toletano,
1369 2914 1415 2961 tuo
1427 2912 1567 2978 maraculo,
1584 2917 1672 2984 tuiqcie
1688 2925 1841 2988 amantini.

109 5973 152 6074 ὃ

184 3008 239 3062 mo,
255 2994 281 3048 in
296 3009 337 3048 me
355 2994 451 3050 coliata
461 3004 532 3063 sunt,
547 3009 711 3069 quaquceqe
723 2993 847 3049 maneria
857 2994 940 3048 colom
951 2992 1117 3065 sempiterno.
1140 2990 1212 3059 Quid
1228 3003 1314 3047 autent
1327 2994 1392 3049 miii
1405 2996 1509 3068 qratius
1530 3005 1694 3076 nantarius,
1715 3011 1780 3082 quisi
1789 3014 1839 3085 ju.

184 3085 295 3141 anaim
305 3088 421 3143 recidere
440 3089 534 3160 potuit,
545 3104 624 3159 quam
635 3098 663 3143 ut
676 3087 877 3143 onustissimum
890 3084 1041 3141 obristiame
1055 3101 1159 3156 poeseos
1175 3096 1380 3154 monumentum,
1396 3106 1414 3144 a
1432 3088 1594 3152 nobilissimo
1607 3102 1757 3174 presimern
1771 3106 1839 3165 1153.

184 3193 253 3248 pono
266 3177 395 3249 iuuenco,
411 3180 530 3251 profanis
547 3180 657 3254 perinde
665 3195 696 3233 ee
708 3180 790 3234 torris
803 3176 896 3233 bitteris
909 3177 1028 3249 opprime
1036 3173 1153 3241 occuito,
1164 3175 1212 3230 sub
1227 3177 1285 3248 ipso
1299 3176 1375 3233 initio
1386 3182 1458 3249 pacis
1471 3199 1489 3238 o
1501 3182 1672 3246 Constantina
1686 3192 1842 3265 imperatore

183 3265 311 3325 Bedesia
328 3271 439 3327 reddita
456 3271 628 3340 elaborarem,
651 3281 675 3326 et
695 3286 763 3326 nune
779 3270 889 3338 denique
902 3284 920 3323 o
933 3284 975 3325 ms
988 3269 1158 3333 recensitum,
1180 3277 1205 3323 te
1226 3267 1356 3326 leccatore
1368 3271 1402 3327 'et
1412 3279 1534 3347 auspice,
1547 3280 1591 3351 qni
1603 3298 1633 3337 eo
1646 3284 1741 3343 deeora
1752 3295 1839 3348 omnia

182 3363 275 3435 quibus
288 3363 423 3423 iuuencas
439 3367 554 3423 monime
565 3365 699 3434 incalluit,
714 3365 740 3419 in
755 3372 780 3418 te
790 3365 848 3434 ipso
859 3362 968 3417 collecta
981 3360 1074 3431 refers,
1093 3361 1203 3431 prodeat
1215 3361 1242 3416 in
1261 3362 1355 3432 iurent,
1377 3379 1589 3442 communemque
1607 3375 1758 3447 reipublicae
1770 3386 1841 3441 infr.

183 3458 277 3516 utiam
291 3459 450 3517 utilitatem?
465 3459 499 3518 lit
511 3461 582 3518 enim
594 3460 721 3534 praeduro
734 3458 783 3514 illo
796 3459 872 3515 uuita
884 3456 1027 3512 nomiitutis
1041 3467 1093 3512 tuce
1102 3469 1281 3527 monumento,
1296 3468 1321 3512 et
1335 3462 1454 3532 scopiac
1465 3476 1627 3537 praeteream,
1641 3480 1766 3551 quajmn
1776 3482 1838 3542 inde

182 3552 299 3624 upritnic
309 3550 489 3625 Hispanorum
501 3553 600 3624 pcabiic
616 3559 708 3607 eontra
724 3548 834 3605 blancos
854 3550 881 3606 in
894 3548 995 3620 oppido
1006 3546 1157 3622 ttoqramio
1168 3548 1254 3603 odius
1268 3549 1396 3621 uisuntur,
1415 3553 1492 3610 iubes
1514 3564 1631 3631 proiecto
1648 3565 1676 3620 in
1691 3574 1837 3644 majoribus

185 3644 248 3713 tuis,
260 3645 350 3713 quibus
358 3649 433 3720 jure,
448 3648 574 3720 etmerito
587 3646 697 3720 qlerittri
711 3647 808 3721 poesis,
824 3646 890 3701 duos
900 3646 1017 3719 eqreqios
1031 3644 1102 3700 oiros
1117 3642 1274 3701 Sannorum
1287 3646 1364 3715 [onis
1375 3650 1513 3718 ascriptos,
1526 3651 1664 3715 Tucibinm
1674 3663 1837 3736 Alpionsum

182 3722 372 3812 Ncqroreium,
392 3741 618 3814 archiepiscopum
638 3739 789 3806 Limonum,
810 3748 835 3795 et
850 3737 1016 3795 Virrcentium
1030 3736 1195 3804 incuuarre,
1217 3735 1334 3792 abbatem
1357 3742 1457 3828 ordinis
1475 3743 1669 3818 &Benedicti
1686 3762 1763 3832 eujoe
1778 3763 1837 3819 seqq.

182 3833 285 3906 mosum
296 3832 396 3889 cultum
410 3833 503 3890 domuc
516 3842 562 3889 tuo
577 3843 695 3888 materno
716 3831 826 3901 sacello,
850 3848 908 3900 oro,
929 3829 1062 3900 saansquc
1074 3827 1247 3884 conntetcat.
1264 3826 1353 3885 lioies
1366 3830 1523 3893 eiorimintoc
1537 3838 1604 3897 deoc
1618 3847 1758 3921 antistites,
1782 3856 1834 3914 tn.

182 3936 251 3983 auin
267 3924 437 3998 iibioqamee,
448 3927 493 3999 qui
505 3926 533 3981 in
548 3926 787 3997 archiepiscopatur
799 3921 904 3978 Limani
915 3920 1048 3992 prorindo
1063 3917 1095 3977 S.
1111 3917 1219 3975 Tucibio
1236 3921 1365 3977 auunculo
1376 3939 1424 3979 suo
1436 3931 1570 4000 successit,
1591 3944 1618 3989 ct
1630 3940 1712 3995 nruito
1724 3943 1835 4019 inqenii,

183 4017 359 4091 doctrinaeque
376 4033 432 4073 sua
444 4027 611 4094 monumento
629 4016 722 4072 litteris
736 4017 889 4087 eonsiqnato
911 4010 1057 4086 posteritati
1069 4012 1279 4078 commendauit,·
1299 4022 1323 4066 et
1336 4008 1362 4066 F
1362 4015 1537 4076 ecdinandum
1554 4022 1724 4105 Vidaqomec,
1735 4039 1834 4108 episeo-

181 4126 245 4183 pum
258 4109 465 4179 ttrccotennn,
479 4108 637 4182 quiconeibii
650 4123 670 4165 n
680 4107 813 4163 bleaiconi
829 4121 999 4178 parsmuqno
1012 4106 1078 4176 tuit,
1094 4107 1171 4178 cujus
1194 4105 1299 4160 decreto
1312 4115 1337 4161 et
1357 4124 1468 4167 munies
1487 4116 1515 4168 in
1536 4118 1653 4176 ordinem
1671 4126 1834 4207 bormoncque

180 4203 298 4277 diqescit.
310 4203 410 4273 linies,
422 4203 632 4278 atqueintuecis,
647 4210 676 4257 ut
689 4203 722 4258 de
731 4202 792 4258 aliis
804 4211 915 4269 toeeom,
927 4200 979 4255 duo
994 4198 1043 4254 ttto
1062 4198 1254 4272 iulqentiscimo
1270 4198 1406 4272 iiicpania
1421 4205 1530 4279 turnino,
1547 4228 1597 4282 poc
1608 4217 1695 4273 nobibe
1706 4223 1831 4302 (sotrum,

179 4297 321 4353 arunculos
334 4308 409 4366 tuos,
428 4299 671 4362 emissenticsimum,
685 4313 761 4369 quern
782 4297 860 4352 modo
876 4295 1063 4363 nomentan,
1081 4293 1156 4349 eard.
1171 4291 1345 4350 Franciscum
1360 4299 1503 4356 Antonium
1523 4302 1687 4382 Lucensano,
1702 4313 1834 4394 bujueqne

179 4410 232 4449 non
241 4393 326 4449 minue
340 4393 438 4449 meritis
448 4410 527 4466 mom
542 4391 667 4449 nascendi
680 4400 750 4447 sorte
768 4405 932 4463 qermonum,
952 4388 1081 4444 Tiamom
1102 4387 1246 4442 antistitem
1266 4385 1471 4446 Gerundcnsem.
1500 4392 1551 4452 Tot
1572 4407 1675 4472 tocnqne
1696 4412 1831 4477 prinam,

180 4486 328 4544 donrestier's
349 4488 473 4559 exemplis
482 4488 622 4553 excitatus,
634 4486 699 4557 qnid
711 4488 843 4552 ndremuc,
855 4483 878 4539 si
891 4483 968 4556 pluro
977 4482 1030 4556 olio
1045 4489 1198 4536 ornamento
1216 4480 1311 4536 uirtute
1323 4490 1347 4535 et
1362 4484 1467 4558 inqenio
1480 4497 1557 4556 pecto
1570 4493 1617 4547 tibi
1630 4505 1830 4573 comparareris,

179 4589 207 4635 et
220 4580 302 4636 mdte
315 4580 438 4635 molieris
451 4581 502 4637 tois
515 4580 613 4635 meritis
626 4593 706 4650 quum
726 4586 832 4632 tuorum
854 4575 976 4631 laudibus
999 4572 1195 4629 romnmndori?
1212 4570 1339 4645 lioqnem
1360 4577 1478 4646 equidem
1498 4580 1531 4635 de
1553 4590 1579 4636 te
1589 4586 1648 4655 iarn
1669 4589 1749 4646 niulto
1771 4608 1834 4654 anre

179 4673 327 4746 opinionem
341 4671 597 4742 comprebendrram,
610 4685 686 4743 qoem
699 4687 752 4726 non
764 4670 889 4725 nescirem
904 4666 1042 4723 metienti
1055 4664 1160 4736 inqenio
1172 4664 1322 4736 preditum,
1340 4666 1488 4725 incredibili
1503 4673 1620 4731 discendi
1640 4679 1771 4743 desiderio
1792 4690 1834 4745 in·
1890 4739 1894 4748 .

178 4779 294 4832 mesum,
310 4764 444 4837 praclaric
453 4764 534 4837 jactis
550 4762 670 4833 pueritia
688 4771 712 4818 et
725 4760 909 4818 odolescentia
929 4758 1119 4831 fundamentis,
1140 4754 1295 4828 eloquentia
1313 4758 1392 4814 laude
1411 4773 1540 4834 ornatam,
1557 4770 1632 4841 cujus
1647 4789 1700 4832 non
1713 4779 1761 4834 illa
1776 4785 1835 4856 qui-

177 4858 237 4913 dcrn
254 4854 347 4923 muita,
366 4857 413 4912 sed
424 4872 488 4912 sane
502 4855 618 4911 illustria
632 4862 796 4909 monumento
812 4853 841 4908 in
860 4849 952 4923 vulqus
971 4849 1136 4922 prodierunt,
1151 4850 1188 4904 ito
1202 4848 1229 4903 in
1248 4851 1383 4921 qrouiores
1398 4853 1549 4927 facultates,
1571 4870 1715 4933 pracatim
1728 4889 1788 4932 uero
1806 4881 1834 4938 in

176 4952 335 5027 tieoloqicos
352 4962 405 5007 toto
419 4953 507 5007 animo
518 4949 678 5020 incubuisse,
694 4958 748 5005 uto
768 4949 860 5024 primis
875 4946 1021 5023 juventutis
1040 4946 1118 5000 annis
1137 4944 1323 5017 qrorissimum
1345 4963 1441 5003 monus
1454 4956 1588 5023 quarendi
1602 4958 1629 5013 in
1647 4967 1719 5022 omni
1733 4970 1830 5028 tireio.

179 5047 228 5120 qia
241 5060 345 5118 penne,
360 5055 386 5102 et
397 5043 534 5114 iudicandi
552 5042 586 5098 de
605 5043 639 5098 iis
651 5042 696 5113 qai
709 5044 737 5097 in
752 5040 914 5114 amplissima
931 5037 1036 5094 diecesi
1050 5036 1177 5092 Toletano
1194 5037 1228 5092 od
1240 5039 1392 5094 animorum
1406 5058 1496 5100 eurum
1511 5056 1664 5111 ausemundi
1676 5077 1830 5130 promeren-

177 5136 256 5208 dique
267 5142 337 5204 sunt,
352 5150 448 5210 moqno
462 5150 521 5189 cum
533 5134 630 5207 plocio,
643 5149 674 5188 oc
688 5132 801 5188 nominis
811 5131 1006 5188 existimatione
1016 5129 1158 5185 annuns.
1174 5127 1271 5183 Verum
1282 5130 1433 5202 opinionem
1447 5153 1531 5193 meam
1540 5142 1617 5216 bonqe
1628 5149 1688 5204 uicit
1698 5168 1834 5229 nerim„

176 5228 243 5284 miii
255 5225 398 5300 sinquircis
411 5225 510 5300 inqenii
524 5225 625 5291 luitis,
642 5234 667 5279 et
686 5240 768 5281 sucre
781 5225 908 5280 doctrina
929 5221 1051 5289 obertas‚·
1064 5236 1124 5276 cum
1146 5229 1171 5274 te
1191 5218 1284 5276 Roma
1302 5222 1391 5279 mdtic
1405 5229 1536 5288 mensibus
1548 5250 1761 5314 commorantem,
1776 5255 1831 5322 sere

174 5321 292 5393 quotidie
303 5320 335 5376 de
344 5319 477 5375 altissimis
490 5318 625 5390 reiiqionir
635 5328 734 5373 nostra
744 5317 886 5390 mysteriis,
908 5323 937 5369 nt
949 5313 1050 5369 occano
1061 5328 1120 5369 cece
1134 5312 1226 5380 daiot,
1241 5329 1275 5369 cu
1288 5325 1403 5389 ternpore
1415 5322 1547 5380 subtititer
1560 5326 1729 5392 disserentem
1738 5347 1833 5403 audie·

174 5415 240 5484 rirn,
254 5422 329 5484 atque
339 5411 542 5482 itsdifficiblimo
556 5424 665 5481 quaque
675 5409 709 5463 od
722 5408 808 5464 ninum
818 5413 987 5468 resecantem,
1004 5420 1084 5477 eoque
1096 5404 1170 5477 faciti
1181 5413 1205 5459 ct
1219 5406 1364 5476 propinenti
1378 5412 1496 5468 oratione
1515 5419 1705 5495 expedientem,
1720 5443 1748 5485 en
1761 5437 1833 5510 tw.

173 5506 250 5563 nium
268 5504 392 5562 uidereris
412 5503 538 5577 (Arcqnsti
550 5500 634 5574 uerbis
647 5501 719 5574 utor)
735 5501 763 5556 in
777 5511 913 5556 nummata
926 5497 1033 5555 babere.
1050 5496 1108 5553 Nee
1124 5513 1198 5553 meus
1216 5498 1400 5556 existimarunt
1415 5513 1451 5558 tot
1465 5507 1506 5563 iili
1519 5510 1569 5565 riri
1583 5516 1725 5592 principer,
1742 5525 1833 5592 Eup„

173 5598 222 5657 sie
235 5609 260 5655 st
274 5599 420 5655 litterarum
430 5596 536 5665 decern
548 5610 662 5667 qaorum
681 5594 711 5648 in
731 5591 954 5656 eomuctudinem,
971 5589 1098 5645 doctrina
1119 5603 1208 5644 amore
1221 5587 1328 5655 ductes,
1341 5599 1365 5644 tc
1379 5591 1469 5649 libenti
1482 5598 1570 5655 nmmo
1585 5604 1675 5676 dabor,
1694 5623 1720 5666 et
1738 5621 1832 5688 quibus

174 5697 232 5771 ipse
246 5692 475 5767 irnperscealsnrnc,
491 5701 663 5764 neeeptnrqnc
682 5704 740 5744 eros
755 5697 861 5761 propter
876 5685 971 5759 inqenii
985 5683 1167 5756 praestantiam
1187 5683 1378 5753 nidoremque
1390 5687 1473 5744 animi
1493 5690 1556 5749 bene
1574 5701 1718 5766 constituti.
1737 5711 1831 5778 ilicari

189 5835 217 5936 ς
322 5791 462 5856 l'sruon.
481 5786 570 5854 xttt
1558 5789 1574 5851 ¹

142 5918 188 5992 ‘b
