4150 6167
177 205 232 265 aad
734 205 880 266 CARMEN
900 203 1094 266 suscitatis.
1115 206 1221 265 utenti
1240 206 1274 264 it.
1778 211 1831 271 630

114 312 116 316 ’
174 325 230 385 ild
248 324 303 386 Nos
317 340 427 399 quoque
438 326 582 396 laremns3
600 328 703 401 proprii
719 345 781 386 nam
796 329 888 389 cautio
902 329 1018 394 rerbiA
1100 329 1221 387 Tradere
1235 329 1379 388 confestim
1396 330 1555 400 tortoribus,
1566 329 1650 407 inque
1661 329 1748 390 leroci

249 420 427 492 Spondeutcs
440 422 582 479 manifesta
600 433 694 494 tenet,
709 425 877 496 graviusque
895 425 979 483 soluti
1099 420 1215 482 Carcere
1224 422 1366 479 constricti
1382 437 1437 480 non
1457 424 1649 498 permittemur
1662 423 1757 493 abire,

247 511 401 585 Nectimus,
416 515 529 573 alterius
542 518 563 573 si
578 518 688 575 solvere
702 517 792 577 uincla
808 534 960 593 negamus:
1101 515 1196 572 Donec
1211 525 1306 573 cuneta
1319 514 1430 574 brevem
1446 516 1593 574 reddamus
1608 516 1741 591 adusque
1762 533 1831 590 qua·

247 605 328 684 233
340 606 508 682 incipietque
523 610 582 680 pius
597 609 689 670 decies
701 611 810 669 millena
826 612 928 669 talenta
1647 609 1794 684 parantem.

249 701 394 758 liimittens
410 702 552 774 Dominus,
568 705 590 759 si
607 719 658 761 nos
672 701 795 777 aidigere
813 715 924 778 propter
1137 697 1221 776 m
1234 699 1296 761 Non
1309 702 1373 776 quia
1394 716 1445 761 nos
1460 702 1608 776 Dominus,
1622 703 1693 761 lucis
1715 705 1775 775 ria,
1789 722 1833 768 se·

174 793 230 852 275
249 793 381 851 bonarios
394 803 505 853 centum
520 810 681 854 consertum
695 797 812 855 senserit
826 798 922 865 ullum,
1609 796 1687 872 [mita
1704 798 1796 873 pacis,

844 887 934 949 OPUS
954 883 1152 948 suscitans.

172 979 310 1054 epistola,
329 979 523 1050 matrilestavit,
539 981 677 1054 spiritales
691 982 861 1056 eputasesse
875 981 978 1040 doctri·
1029 982 1162 1055 sumptio,
1187 995 1269 1055 quam
1306 980 1471 1054 pecuniariae
1501 982 1663 1053 quantitatis
1685 982 1832 1042 inhonesta

136 1145 139 1152 ⁴
172 1089 248 1142 narn,
264 1073 372 1130 diceus:
388 1071 424 1128 is't
439 1089 497 1144 epo,
514 1077 624 1146 tratres,
644 1090 698 1130 nan
718 1076 790 1147 potui
812 1076 882 1130 rolris
905 1074 978 1146 loqui
1032 1075 1159 1132 tractatio
1172 1075 1297 1149 piurimis
1312 1072 1433 1131 ostendit
1453 1074 1524 1145 apud
1547 1074 1691 1131 bominum
1714 1076 1831 1134 nexibus

170 1167 248 1239 quasi
261 1165 434 1238 spiritalibus,
451 1167 499 1223 setl
512 1166 586 1240 qnasi
602 1167 770 1234 carnalibus,
792 1168 866 1239 qnasi
887 1167 975 1239 inson-
1027 1169 1174 1226 insolutas.
1190 1168 1318 1242 Quisquis
1329 1168 1413 1235 enim,
1425 1175 1509 1240 proni
1522 1167 1745 1228 iacuitasririum
1758 1188 1825 1243 pon·

170 1260 239 1315 tibus
251 1260 279 1315 in
290 1258 393 1315 cbristo
405 1259 475 1314 rabis
487 1269 576 1331 patant
591 1260 631 1316 lac
646 1261 715 1327 dedi,
730 1277 782 1316 nort
792 1260 888 1316 ettam.
902 1259 977 1316 Nou·
1027 1263 1148 1332 deretur,
1174 1262 1263 1336 egenti
1288 1262 1373 1319 luerit
1391 1261 1567 1331 inhumanus,
1599 1262 1669 1330 lieo,
1696 1279 1758 1337 quae
1781 1281 1831 1323 sua

169 1356 234 1409 dnm
247 1355 317 1410 enim
330 1355 454 1428 poteratis
467 1354 497 1429 (l
512 1354 572 1411 Gor.
587 1371 629 1424 ιιι,
649 1358 676 1424 l,
696 1355 741 1429 b).
762 1357 829 1428 Quis
848 1357 974 1427 dubitet,
1026 1367 1103 1428 sunt,
1118 1357 1262 1426 irtllciatus,
1278 1358 1395 1429 abjurat,
1407 1356 1486 1429 cujus
1499 1358 1584 1428 pietas
1596 1357 1701 1414 induita
1714 1359 1830 1416 misero-

168 1447 303 1519 mtusqne
322 1446 451 1520 ambigat,
473 1448 533 1506 bato
553 1450 645 1507 omnia
659 1449 826 1521 spiritaliter
839 1450 974 1524 iguraril
1027 1468 1088 1509 rum
1103 1453 1144 1510 sic
1157 1462 1249 1509 tuetur
1262 1452 1412 1524 angustias,
1428 1459 1460 1508 ut
1477 1452 1610 1524 quidquid
1632 1454 1745 1527 pauperi
1760 1453 1828 1512 dis-

167 1541 350 1613 nequeenim
367 1540 451 1598 inisse
472 1542 535 1598 ilios
550 1542 680 1608 inianter,
696 1549 743 1599 aut
758 1542 837 1600 laetis
850 1543 885 1601 ab
899 1542 974 1614 tipo·
1026 1544 1150 1617 pensatio
1163 1545 1277 1616 benigna
1292 1545 1422 1617 largitur,
1438 1545 1489 1601 sibi
1511 1544 1690 1615 proiecisse·
1705 1555 1830 1606 testetur.

165 1635 244 1692 stolo
265 1634 434 1692 nutrimenta
456 1636 616 1707 sumpsisse,
632 1637 675 1693 rel
694 1636 908 1709 stttltusaliquis
924 1652 974 1709 po·
1026 1637 1054 1694 ln
1080 1638 1152 1694 rotis
1173 1637 1274 1706 etiam,
1295 1652 1356 1709 qua
1378 1637 1573 1709 promittimus,
1589 1638 1681 1695 divina
1696 1639 1830 1700 tenetur

165 1730 238 1786 terit
259 1729 401 1787 arbitrari.
423 1730 478 1788 Sed
493 1729 658 1801 insipientes
670 1731 754 1788 rerba
770 1731 838 1802 lepis
851 1729 975 1801 haurire,
1025 1731 1164 1789 consecuti
1179 1731 1316 1788 debitores
1328 1731 1496 1801 exsistimus,
1511 1732 1640 1790 donecea
1652 1733 1725 1791 lidcli
1737 1745 1830 1793 ments

163 1835 199 1876 ac
215 1822 349 1892 paulatim
364 1821 467 1879 dirints
486 1824 570 1881 imbui
586 1823 728 1894 institutis,
742 1826 828 1883 lactea
843 1826 917 1883 reiut
932 1825 974 1881 in·
989 1842 1012 1903 B
1026 1826 1177 1882 solvamus.
1193 1823 1361 1895 iincipitur,
1377 1839 1439 1896 quar
1452 1824 1489 1881 de
1501 1825 1666 1894 pecuniariis
1678 1824 1751 1884 dicta
1765 1836 1831 1885 suut

162 1910 258 1971 ianm
280 1913 395 1971 ebibere
417 1915 568 1987 primordia
588 1917 660 1975 scire
674 1919 811 1985 conremt,
826 1918 889 1989 quia
903 1918 977 1976 sicut
1025 1916 1136 1985 debitis,
1151 1919 1234 1974 ctiam
1249 1915 1406 1974 decantaris
1422 1923 1597 1989 peccatorum
1618 1918 1765 1990 generibus
1785 1918 1830 1977 dl·

162 2005 299 2063 salutaris
318 2007 397 2065 clbas
411 2017 454 2065 est
468 2007 538 2066 bona
551 2009 686 2080 doctrina,
701 2011 741 2068 sio
753 2011 851 2067 nonius
863 2022 905 2068 est
917 2025 976 2068 ma·
1026 2010 1124 2076 rasis,
1137 2010 1236 2082 quibus
1248 2017 1352 2065 aeoeruo
1362 2007 1465 2078 jndicio
1481 2018 1607 2067 tenemur
1618 2010 1753 2081 obstricti,
1765 2026 1830 2069 scn-

162 2099 256 2172 ligna.
274 2099 338 2157 ideo
350 2100 483 2159 Dominus
497 2102 647 2175 discipulos
661 2104 790 2161 mouebat
807 2120 822 2158 s
838 2105 974 2163 termento
1024 2101 1076 2159 tire
1087 2117 1138 2157 uos
1147 2100 1293 2159 contenit:
1305 2100 1435 2171 seientes,
1448 2100 1485 2157 ob
1497 2100 1551 2156 bue
1561 2103 1686 2158 aerariam
1699 2103 1828 2161 similita-

160 2192 393 2262 penninarum,
415 2206 446 2252 et
463 2196 676 2255 sadduceorum
700 2199 860 2269 spiritaliter
878 2214 910 2255 sa
928 2214 974 2256 ra·
1024 2192 1116 2251 dinem
1135 2194 1245 2266 flagitiis
1270 2203 1467 2265 comparatam,
1493 2194 1622 2266 quoniam
1641 2194 1748 2253 ltratiis
1773 2214 1830 2255 arrr-
1940 2189 1944 2192 “

160 2301 256 2345 rerer
272 2287 384 2353 sciens,
400 2289 472 2346 acidi
485 2290 621 2362 dogmatis
634 2292 710 2349 rtros
725 2293 808 2349 totius
819 2291 974 2351 dulcedinis
1024 2288 1098 2341 πίνω
1110 2287 1239 2342 multitu*
1249 2295 1287 2342 αἱ
1301 2288 1411 2342 “vitilia
1426 2286 1457 2358 (Ι
1472 2285 1541 2344 Tt‘m·
1554 2301 1592 2356 Vl.
1609 2287 1666 2360 ¹⁰),
1682 2289 1831 2363 iinewittt

159 2382 325 2439 ubertatem
337 2395 423 2453 parra
435 2393 507 2439 tactu
520 2397 715 2456 corrumpere,
730 2387 860 2457 quoniam
875 2399 973 2442 secan·
1023 2382 1130 2438 semine
1144 2380 1243 2437 vitioso
1253 2380 1326 2437 nulla
1337 2378 1535 2451 propemodum
1545 2380 1650 2436 seelera
1660 2394 1828 2452 reiterantur

158 2474 973 2550 datnquodaitidemPauinsapostoins‚liadicttntfsrrnen·
1023 2474 1052 2532 in
1071 2473 1152 2530 malo.
1173 2473 1223 2529 llic
1241 2471 1418 2530 homicidium
1443 2480 1601 2542 perpetrat,
1625 2480 1656 2529 ttt
1676 2474 1827 2546 innocenti,

159 2577 222 2623 tarra
236 2577 318 2623 toturn
330 2585 443 2624 ramsana
456 2573 601 2639 conamptt
616 2586 626 2626 .·
640 2579 703 2627 aaut
726 2572 777 2626 etsi
793 2586 894 2642 carpas
918 2572 972 2628 llo·
1022 2568 1095 2641 quod
1115 2567 1271 2636 aiieeurit,
1296 2567 1402 2637 eripiat.
1429 2566 1507 2622 Alter
1525 2566 1638 2637 premio
1662 2566 1828 2627 sollicitatas

158 2661 235 2718 atini
249 2662 337 2716 nostri
349 2659 415 2717 lesu
430 2658 532 2717 Cirirti
555 2663 643 2733 nasis
663 2676 725 2719 esse
739 2663 972 2722 ermanaricus
1023 2669 1137 2731 accepto
1151 2658 1292 2716 mendacis
1312 2658 1461 2716 testimonii
1485 2657 1515 2714 iit
1533 2658 1650 2729 jurator.
1671 2658 1827 2718 Noauuttos

158 2770 281 2828 panem,
292 2754 454 2825 absplritali
466 2755 647 2814 nibilominus
670 2757 778 2815 ratione
796 2771 971 2831 nequaquam
1023 2754 1057 2810 ad
1073 2753 1236 2810 lenocinium
1249 2751 1397 2811 adaiterini
1412 2751 1569 2809 commercii
1584 2751 1674 2810 coitus
1688 2751 1767 2810 ioedae
1784 2768 1829 2811 re·

159 2847 294 2907 nascitur
307 2846 456 2916 minare,
483 2848 677 2921 nusimoquta
697 2849 759 2907 talis
773 2850 906 2921 epulatio,
928 2851 971 2909 rat
1022 2844 1187 2916 demptionis
1206 2844 1332 2916 impellit.
1346 2842 1401 2901 itit
1415 2843 1488 2899 iurto
1503 2858 1534 2900 se
1547 2844 1695 2912 maculant,
1712 2844 1759 2901 aiii
1776 2845 1827 2903 de·

158 2942 231 2998 talis
246 2942 338 2997 oratio
353 2941 419 2998 nulii
429 2929 584 3013 'gentilium
598 2942 663 2998 uuili
677 2942 845 3012 iudaeorum,
857 2944 912 3000 uisi
926 2960 972 3002 eo-
1024 2941 1140 3013 positum
1156 2945 1267 3009 negant.
1283 2937 1354 2994 Sunt
1368 2937 1429 2992 istis
1452 2945 1479 2992 et
1492 2936 1569 3008 plura
1587 2937 1706 3004 similia,
1727 2937 1828 3007 quibus

158 3034 196 3091 iis
211 3032 345 3089 divinitus
359 3033 477 3091 traditur
490 3034 667 3091 Christianis.
678 3035 713 3090 is'r
722 3035 825 3092 dimitte
836 3036 910 3096 uoltis
925 3040 972 3093 de·
1022 3035 1109 3092 antica
1124 3048 1232 3105 semper
1246 3032 1332 3088 l'ames
1345 3031 1405 3088 aori
1419 3030 1589 3087 commilitat.
1609 3029 1717 3087 Nullum
1736 3041 1828 3089 tamen

155 3123 218 3181 bita
232 3133 334 3191 nostra,
349 3125 416 3182 sicat
426 3135 450 3182 et
460 3142 508 3183 nor
522 3127 676 3183 dimittimus
686 3127 844 3185 debitoribus
861 3129 969 3189 nostris.
1022 3130 1128 3186 crimen
1145 3128 1225 3187 iacile
1242 3126 1412 3194 admittitur,
1433 3126 1475 3182 cui
1501 3125 1624 3196 pecuniae
1645 3124 1827 3186 ministerium

155 3219 188 3276 Si
203 3217 369 3291 diligentius
384 3220 529 3289 petitionis
542 3230 644 3278 nostras
669 3230 732 3279 rota
747 3225 904 3295 metiamur,
923 3226 968 3283 rei
983 3232 1007 3297 (2
1023 3224 1137 3281 raiuiurc
1159 3223 1334 3294 suffragatur.
1354 3221 1439 3292 iqltur
1459 3219 1560 3277 divinae
1588 3219 1696 3291 pietatis
1727 3235 1827 3279 matius

156 3312 312 3369 mouenda
333 3312 414 3370 netis
440 3311 626 3387 induigentia,
645 3314 687 3371 rei
707 3316 832 3387 neganda
847 3319 969 3389 propriis
1023 3315 1139 3386 indepti,
1152 3314 1339 3384 impunitatem
1351 3313 1471 3371 coeiestis
1488 3311 1663 3384 indulgentiae
1674 3313 1826 3381 consecuti,

155 3401 336 3478 dignoscitur
349 3407 493 3479 exemplis.
509 3403 568 3465 iloc
587 3408 658 3464 eniut
672 3423 785 3481 sperare
803 3409 935 3482 jubentur
953 3428 970 3471 a
1024 3407 1096 3481 quod
1107 3405 1272 3478 accepimus,
1282 3403 1399 3462 inuicem
1415 3418 1467 3459 uon
1479 3417 1620 3476 negemus,
1629 3417 1665 3461 ne
1676 3403 1827 3478 tnajoribus

157 3495 298 3564 Domina,
309 3498 380 3569 quod
395 3500 535 3555 cernimur
549 3500 688 3557 dimisisse
700 3515 848 3558 cottserro.
860 3503 970 3575 Quippe
1023 3499 1153 3569 absoluti,
1163 3514 1225 3557 cum
1241 3512 1323 3568 parra
1338 3511 1393 3552 non
1407 3495 1580 3561 resolvimus,
1590 3495 1717 3552 maximis
1729 3497 1830 3554 iterum

156 3604 235 3662 qnos
248 3590 430 3660 pariseadam
448 3592 492 3648 lex
508 3592 675 3650 conditionis
685 3593 824 3665 astringit,
845 3604 874 3650 ut
890 3595 969 3653 debi·
1023 3591 1140 3648 tineulis
1150 3589 1330 3661 implicemur.
1342 3586 1600 3658 noxquebouiuue
1610 3586 1657 3642 ille
1667 3589 1826 3646 misericors

157 3679 397 3740 toressicutesse
412 3683 550 3751 nolumus,
567 3685 604 3741 lta
629 3699 679 3741 nec
693 3684 794 3742 babere
814 3688 966 3757 cupiamus.
1023 3682 1148 3750 donator,
1156 3680 1241 3738 debiti
1252 3695 1305 3735 non
1316 3687 1437 3747 exactor,
1448 3678 1493 3750 qni
1508 3678 1670 3735 talentorum
1687 3678 1766 3736 uobis
1778 3679 1827 3738 de·

156 3773 189 3831 ln
205 3772 328 3830 aliorum
350 3789 471 3848 namque
488 3777 618 3845 personis
642 3786 691 3835 aut
715 3777 895 3845 absolvimur,
922 3789 970 3840 aua
1023 3793 1084 3834 cem
1098 3770 1829 3844 milliarelartauit,'siproptcrdeuarioscenturnseu·
1905 3818 1908 3822 .

157 3866 296 3938 ligantur.
310 3867 388 3935 Quod
410 3870 433 3924 si
448 3878 561 3940 putatur
574 3871 721 3938 incertam,
740 3870 776 3927 de
800 3872 901 3943 quibus
918 3871 969 3930 de·
1022 3871 1089 3928 aertt
1098 3885 1148 3926 nos
1157 3867 1330 3940 strangulare
1344 3881 1518 3934 commum,
1533 3865 1615 3923 saeris
1628 3865 1698 3921 tradi
1713 3868 1828 3923 tortori·

157 3960 304 4017 bitarilias
338 3961 384 4020 bic
410 3973 528 4036 agatur,
557 3964 684 4037 ponenda
712 3975 754 4023 est
782 3966 970 4025 escosadonis
1024 3958 1438 4035 buseunrrajnbeatextgeudq
1452 3959 1708 4030 inqueeareeralem
1720 3958 1826 4018 detrusi

156 4053 284 4108 inlirmtc
300 4055 440 4123 materies,
455 4062 483 4112 et
495 4071 545 4113 seu
557 4055 684 4115 fortassis
694 4057 721 4113 in
735 4058 824 4132 culpa,
846 4059 907 4116 site
918 4074 967 4131 pe·
1023 4061 1174 4119 custodiant
1186 4059 1294 4132 penitas
1305 4053 1397 4129 egredi
1408 4070 1462 4111 non
1473 4058 1604 4120 sinamur,
1618 4052 1706 4111 donec
1716 4055 1824 4113 luamus

155 4147 256 4214 cunia,
272 4147 315 4206 tel
329 4151 360 4205 in
374 4165 548 4222 quocumque
562 4152 609 4208 tibi
623 4152 709 4209 irater
722 4167 786 4211 reus
802 4153 896 4220 inerit,
911 4154 965 4212 boe
1023 4156 1149 4211 universa
1164 4149 1297 4222 usquead
1314 4148 1425 4204 turdum
1439 4147 1528 4203 ultimi
1540 4144 1700 4217 quadrantis
1712 4147 1825 4203 amissa.

157 4241 271 4299 relata.
294 4242 360 4300 Nam
382 4252 478 4300 etnun
502 4252 557 4301 tam
580 4244 743 4303 tlelietoruut
777 4247 872 4304 erebra
899 4262 972 4319 prae-
1024 4246 1060 4303 Et
1074 4261 1106 4301 tre
1119 4244 1287 4301 nosiadtrcas
1301 4241 1510 4298 intentationes.
1526 4240 1585 4296 lion
1598 4239 1671 4313 quod
1685 4239 1828 4312 Dominus,

906 4337 1066 4398 sedulia.

196 4425 265 4484 iii.
287 4425 346 4483 let.
362 4429 388 4496 i,
401 4426 430 4494 2,
448 4426 532 4494 uon..
548 4435 636 4486 terrem
647 4446 657 4494 ‚-
670 4428 789 4500 currlqe,
804 4437 884 4486 tenet.
1021 4428 1162 4487 counradus
1178 4424 1328 4484 rnortacbus
1347 4424 1426 4504 apud
1442 4424 1571 4482 Pettium
1585 4424 1700 4482 diram.
1716 4424 1823 4499 lessam

197 4498 266 4555 w.
287 4498 355 4570 iieq.
372 4500 399 4565 i,
415 4500 472 4558 brt.
485 4501 514 4568 b,
529 4515 673 4573 neeman
688 4501 715 4557 in
730 4501 798 4572 lleq.
820 4501 838 4556 2
858 4500 909 4559 luit
923 4519 968 4557 ne·
1021 4501 1055 4557 ad
1067 4501 1078 4558 Ι
1090 4501 1146 4557 vol.
1162 4498 1286 4554 thesaur.
1302 4497 1407 4554 Anecd.
1418 4505 1493 4566 ‘pap
1509 4499 1537 4562 5,
1554 4496 1600 4553 ubl
1613 4496 1751 4554 indicatur
1763 4513 1824 4554 aar·

154 4586 266 4644 psoras,
281 4571 329 4627 ead
342 4570 439 4628 eadem
460 4574 545 4629 reteri
568 4587 650 4628 ruanu
674 4583 827 4629 correctum
853 4583 896 4629 est
918 4589 967 4644 prr
1021 4589 1096 4633 rnett.
1114 4571 1190 4640 Quot
1205 4569 1452 4641 triqirttaerperttei
1474 4568 1565 4640 quiite
1583 4565 1823 4625 armiscaram

154 4641 530 4772 tittiltllinitlt
555 4645 967 4772 ‘'lilil'ldlllliii
1018 4639 1822 4788 tiill‘ttnlttltltt‘lll‘titillabit·

154 4785 243 4843 editi.
260 4783 325 4849 Alii,
341 4802 472 4856 rteqcmes.
488 4754 654 4842 Utrumlibet
677 4797 781 4841 rectura
796 4758 849 4843 'est
866 4803 872 4842 :
900 4742 1007 4845 aaran
1054 4788 1118 4844 titt.
1140 4786 1217 4842 ileos
1230 4800 1284 4841 non
1298 4785 1370 4839 ntrrlc
1384 4794 1462 4852 atqne
1476 4799 1525 4852 pru
1540 4784 1631 4855 teque.

154 4857 298 4928 particula
314 4858 337 4913 ti
351 4871 415 4914 cutn
428 4857 575 4916 indicatiro
594 4867 623 4914 et
637 4855 785 4928 subiuncta
808 4858 965 4931 prombme
1053 4859 1117 4913 ilat.
1142 4855 1280 4914 Vrrrteltius
1295 4870 1339 4912 su.
1353 4854 1450 4910 nicatur
1464 4856 1544 4910 isurun
1567 4870 1617 4926 pro
1637 4854 1749 4920 irraent,
1764 4869 1823 4912 tae·

155 4936 324 4996 usurpatur.
922 4935 926 4942 '
1018 4930 1071 4984 rito
1084 4929 1309 4984 dissentientibus
1354 4925 1497 4997 eplensio,
1515 4925 1652 4994 creuere,
1666 4936 1695 4982 et
1705 4926 1823 4984 Artttsa·

198 4999 266 5057 275.
288 4997 368 5063 ttrt..
387 5015 447 5055 stttrt
461 5016 579 5067 seram
592 5002 665 5071 lege,
680 5015 842 5058 wrtacnaat.
859 5002 913 5057 Pro
924 5004 967 5059 al·
1018 5002 1074 5056 nio.
1090 4998 1181 5054 Breuis
1191 5001 1307 5054 suntitttr
1319 5012 1369 5069 pro
1384 4998 1495 5064 esiqua,
1510 4996 1626 5054 mitiora.
1642 4998 1710 5054 tide
1727 5007 1822 5053 notan

153 5073 220 5126 lrrm
249 5069 427 5139 Meuaniam,
453 5071 597 5142 drntseu„
618 5088 710 5127 arrum.
733 5072 913 5130 Passimbrec
938 5076 965 5131 ira
1017 5072 1176 5127 adiurenc.
1194 5067 1622 5140 t.t.rers.5tt.,tttunaqnoa
1642 5068 1743 5122 arirrinai
1761 5067 1823 5122 rad·

153 5156 234 5199 ιιιειι.
252 5141 462 5210 permiscentur.
490 5143 587 5199 llelius
605 5144 745 5199 vitiaretur
773 5161 864 5199 ranam.
892 5144 967 5200 Nou·
1017 5144 1097 5198 datur
1112 5142 1196 5208 portio
1215 5141 1325 5196 mamati.
1341 5140 1463 5196 Auienus
1478 5141 1533 5195 lab.
1549 5141 1584 5198 58
1600 5158 1606 5194 :
1624 5138 1660 5195 Tc
1675 5140 1752 5195 sinrtd
1767 5153 1823 5195 oera

153 5213 234 5270 ntrltt
246 5222 352 5282 putant.
367 5215 517 5270 secutulant
534 5216 561 5270 in
579 5212 705 5270 Denarior
719 5214 771 5271 itoc
783 5216 842 5270 loco
853 5217 924 5272 cotti
944 5218 965 5283 i,
1019 5216 1088 5270 brcoi
1100 5213 1183 5268 debile
1197 5210 1289 5283 ualqrts
1304 5220 1379 5265 earet.
1392 5210 1500 5267 Sicalia
1517 5212 1628 5277 passim.

152 5295 195 5341 nt
210 5286 240 5340 in
253 5285 388 5342 similibus
408 5286 545 5355 exemplis
560 5285 701 5357 Martialis,
725 5294 754 5341 et
776 5285 898 5359 Dionysii
936 5301 966 5343 a·
1055 5284 1163 5342 sibit
1202 5280 1408 5351 .l,01t.t,ls't
1420 5279 1512 5337 nebrot
1525 5281 1633 5336 inducas
1653 5280 1680 5335 itt
1697 5281 1821 5335 terentio-

152 5356 248 5414 tonis.
270 5354 367 5411 lieints
382 5355 427 5410 alii
442 5358 615 5429 trisyllabum
637 5371 687 5427 per
706 5358 856 5432 sytrnrestu
870 5356 967 5416 dicunt
1021 5373 1090 5412 uetrr.
1111 5356 1239 5413 Sedulus
1253 5355 1357 5423 iunior,
1380 5363 1476 5408 auctor
1496 5351 1649 5408 Comrneut.
1667 5351 1818 5423 nullutn,

152 5442 228 5486 ease
250 5425 508 5483 ormentionem
533 5427 616 5484 mutio
642 5429 695 5484 itae
718 5429 801 5486 rerba
827 5443 894 5488 ttstts
923 5439 968 5488 est
1021 5430 1180 5486 ltosuersus
1199 5424 1587 5494 laudaqntdrxtitrotegom.
1605 5421 1692 5480 nbi.
1801 5435 1804 5444 ¹

200 5528 215 5556 ¹
236 5518 302 5575 Erat
317 5521 344 5574 itt
360 5532 415 5576 vet.
430 5520 504 5588 cod,
516 5520 572 5575 siue
591 5520 739 5595 profecisse.
761 5520 872 5580 iunctus
886 5537 967 5595 repo·
1019 5523 1046 5576 iu
1059 5520 1165 5576 mundo.
1182 5517 1241 5576 Non
1256 5519 1375 5574 arbitror
1395 5518 1578 5574 necessarium
1593 5527 1713 5575 ualerent
1729 5518 1821 5588 scrip·-

152 5592 222 5649 sttii
233 5591 282 5646 sibi
292 5589 444 5665 profecisse.
1018 5604 1105 5648 tttratu
1128 5592 1270 5648 descrere.
1294 5588 1365 5645 inira
1381 5587 1536 5661 quadrantis
1560 5591 1658 5645 auriam
1673 5588 1820 5660 tegendum

204 5660 217 5699 ὓ
237 5661 311 5718 Editi
325 5677 421 5720 amnes
436 5665 530 5736 legunt
544 5674 701 5737 pererrantur
713 5664 741 5720 in
755 5666 835 5720 maio.
856 5664 967 5723 Gallan·
1019 5663 1125 5721 ridetur
1146 5663 1271 5730 adnisam
1296 5662 1349 5719 boc
1369 5672 1421 5730 est,
1453 5659 1611 5729 conrutissa,
1630 5677 1680 5721 seu
1697 5671 1819 5735 peccata.

153 5734 230 5791 dtus
244 5749 260 5790 e
273 5748 322 5792 sua
335 5735 494 5807 cottjcctura
516 5738 542 5792 ln
566 5743 668 5792 tertium
684 5736 797 5794 immisit
811 5747 967 5808 perurantur
1020 5737 1089 5795 Surrt
1101 5736 1146 5807 qni
1158 5736 1250 5792 utalint
1265 5735 1378 5804 aruisse,
1394 5734 1421 5789 ir.
1437 5749 1462 5789 s.
1478 5730 1620 5803 dissipata.
