4150 6167
157 176 212 234 stt
745 200 860 263 LUDUS
877 200 1019 268 sertstt
1040 163 1252 279 suricorum.
1754 248 1807 305 ort

153 290 260 350 Nomen
277 307 397 364 perenne
409 299 604 377 crediderunt,
620 309 643 366 si
655 314 753 370 semel·
966 322 992 385 Α
1008 324 1215 401 insinuastis,
1230 334 1309 393 dites
1322 337 1447 397 insanum
1460 342 1487 398 in
1501 346 1625 417 modum,

152 384 318 445 constructa
334 390 422 450 moles
432 408 516 454 saxeo
531 398 691 462 fundamine
1008 418 1154 481 Lateribus
1165 427 1256 484 aureis
1268 432 1366 502 templa
1381 435 1427 504 qui
1441 435 1613 500 dirisdabat.

152 475 182 532 ln
195 492 280 536 omrre
293 488 401 552 tempus
414 487 546 548 conderet
559 492 631 549 ludis
640 495 730 554 locum
746 517 755 556 r
1008 510 1034 567 ls
1044 528 1088 570 mc
1101 519 1237 575 evocarit.
1253 520 1339 579 Verrio
1349 524 1423 582 dicto
1437 529 1569 591 obediens
1582 577 1589 606 ,

151 567 274 626 cuneata
287 575 376 631 creuit
387 575 447 636 linc
461 579 560 639 theatri
574 585 741 649 immanitas.
1007 600 1119 663 Meliore
1129 615 1160 663 ut
1172 609 1212 665 uti
1227 625 1293 682 rege
1309 616 1414 685 possint
1428 619 1517 693 Lydii.

37 641 39 646 ’
153 661 301 734 Pompeius
312 665 402 735 hane,
417 679 445 727 et
458 670 574 750 Batinus,
586 686 614 735 et
625 679 718 740 cesar
732 682 807 743 dodit
1005 691 1110 767 Rogat,
1127 697 1236 758 omium
1248 705 1380 776 prodam,
1395 710 1419 767 si
1432 728 1513 783 quem
1525 721 1647 778 noverim
1660 741 1667 790 ;

152 751 319 814 Octavianos
330 799 339 828 ‚
350 772 543 825 concertantes
552 774 717 844 sumptibus.
1005 784 1109 846 Telana
1123 789 1186 849 dico
1200 793 1288 853 civem
1304 814 1358 856 non
1375 801 1534 873 ignobilem.

152 847 207 906 Sed
222 864 275 922 ego
288 853 355 925 quid
371 855 469 916 istlrcc
481 862 494 917 l
508 878 563 921 uon
577 865 628 924 hac
638 883 719 929 cansa
733 871 787 933 hue
801 876 906 950 prodii,
1005 875 1059 934 ¹²¹⁰
1074 885 1163 952 patria
1175 902 1297 960 lutilos
1311 892 1364 950 5⁸¹⁰
1377 896 1460 954 uitam
1472 899 1624 971 objecerat.

152 938 188 998 Ut
201 944 380 1016 expedirem,
393 950 454 1020 quis
466 951 586 1025 theatra,
602 960 662 1032 quis
675 961 778 1037 lorum,
1004 968 1145 1043 Despexit.
1160 980 1251 1037 Alium
1266 986 1376 1055 querit.
1393 989 1486 1047 lmeui
1502 993 1616 1067 Aglaum
1629 1016 1637 1066 ;

149 1034 219 1103 Qiris
230 1037 403 1098 condidisset
417 1044 510 1115 privas
524 1060 617 1120 partes
632 1056 764 1115 moeniurn
781 1075 788 1114 ι
1004 1061 1087 1121 Fines
1102 1067 1149 1138 qui
1161 1071 1243 1141 agelli
1258 1078 1360 1148 proprii
1371 1094 1519 1153 numquam
1532 1101 1698 1147 excesserat.

148 1128 205 1184 Sed
220 1137 252 1185 ut
262 1132 416 1200 terendos,
435 1136 534 1210 disque
545 1140 671 1202 laudatos
680 1147 754 1204 virus
1002 1157 1217 1236 stiterimus,
1231 1168 1291 1238 Quo
1304 1173 1368 1232 dein
1381 1193 1425 1234 me
1438 1182 1517 1251 ponis
1528 1184 1606 1256 loco,

148 1219 356 1294 Praegredcrcr‚
366 1241 399 1283 ac
414 1229 546 1289 referrem
557 1272 565 1302 ,
576 1235 641 1306 quid
657 1239 760 1298 vellent
771 1241 834 1301 silri.
1002 1250 1103 1310 Beatus
1117 1256 1185 1315 orbe
1199 1268 1256 1317 toto
1269 1265 1315 1336 qui
1326 1268 1402 1327 solus
1412 1276 1512 1329 vucorl

148 1311 330 1373 Pronuntiare
343 1332 408 1375 suas
420 1320 512 1382 solent
524 1329 690 1401 sementim,
1002 1340 1190 1413 Spectandum
1203 1353 1266 1412 dico
1277 1359 1422 1418 terminum
1433 1364 1496 1422 vira
1511 1369 1587 1439 prius
1601 1388 1609 1427 ε

147 1402 221 1472 Quas
234 1407 351 1480 quisque
365 1412 566 1481 providentium
579 1424 769 1482 anteverterit.
1000 1435 1072 1494 Tum
1082 1439 1279 1519 iudicandum,
1294 1450 1317 1506 sl
1332 1464 1425 1511 manet
1438 1456 1566 1519 felicitas.

146 1499 232 1557 Scitis
243 1501 368 1572 proiecto
381 1522 444 1578 quse
457 1511 513 1566 sint
526 1526 535 1568 ι
549 1513 598 1570 ιιι
613 1515 636 1571 si
649 1519 782 1576 memoria
1000 1528 1108 1589 [lictum
1123 1536 1238 1597 moleste
1249 1539 1365 1601 Croesus
1379 1552 1498 1621 accepit.
1509 1553 1545 1611 Αι
1556 1570 1608 1628 ogo

147 1592 364 1652 llclrusrerustis
378 1598 485 1672 cludit,
497 1604 589 1661 reniet
602 1606 705 1668 [rudius
999 1619 1137 1696 Relinque
1147 1643 1251 1701 regem.
1267 1633 1371 1693 Bellum
1388 1639 1434 1698 ille
1451 1643 1478 1698 in
1492 1643 1592 1704 Persas
1602 1662 1692 1720 parat.

145 1682 334 1746 Edissertator
346 1689 457 1761 ιιιιιι,
471 1708 539 1767 quas
554 1705 635 1758 teneo
647 1702 748 1762 minus.
957 1710 983 1774 B
999 1713 1153 1796 Proiectus,
1167 1722 1266 1793 rictus,
1282 1728 1401 1799 rinctus,
1418 1735 1478 1807 regi
1492 1737 1612 1798 deditus.

490 1810 602 1872 Ludius.

178 1917 292 1991 Delphis
301 1922 430 1982 Solonem
439 1929 549 2000 scripse
560 1928 631 1989 lama
643 1942 686 1991 cst
699 1933 819 1995 Atticum
830 1981 839 2010 ‚

141 2016 219 2092 raotr
232 2018 358 2084 σεαυτὸν,
371 2020 445 2092 quod
459 2020 587 2081 Latinum
601 2035 658 2094 est,
673 2027 761 2088 Nosce
773 2042 809 2089 te.
994 2040 1054 2110 Qua
1068 2044 1274 2109 damuuatotum
1290 2070 1321 2112 se
1331 2071 1382 2128 pcr
1397 2060 1530 2120 ambitum
1543 2064 1647 2141 dabat,

140 2104 217 2164 llulti
232 2107 284 2166 lroc
297 2110 413 2170 Laconis
427 2128 490 2172 esse
505 2115 627 2177 Chilonis
640 2130 745 2193 putant.
995 2133 1115 2194 llolucns
1125 2138 1153 2195 in
1165 2142 1250 2200 altum
1266 2145 1386 2206 lumidus
1395 2163 1463 2211 usto
1477 2155 1585 2228 globos.

138 2198 274 2268 Spartane
285 2202 384 2262 Cliton
399 2206 436 2263 sit
451 2217 525 2267 tuum
538 2252 547 2277 ,
561 2227 664 2282 necue,
684 2216 840 2291 ambigunt,
993 2219 1029 2283 dt
1044 2244 1114 2300 pene
1125 2247 1190 2291 sero
1201 2229 1314 2296 'Crr‘csus
1324 2236 1428 2313 ingenti
1439 2261 1525 2319 sono,
1579 2240 1586 2250 ’
1627 2243 1635 2266 ’“
1686 2244 1695 2256 ‘
1745 2246 1752 2258 '

137 2292 218 2362 Qutod
228 2294 402 2370 introfertur,
416 2300 465 2381 ὅρα
479 2307 550 2370 otior
568 2316 667 2388 μακροῦ
681 2312 759 2385 βίον,
992 2317 1016 2376 0
1031 2336 1096 2381 rere
1110 2333 1204 2395 vates,
1217 2328 1305 2402 inquit
1318 2373 1328 2402 ,
1343 2335 1472 2409 oSolou,
1484 2341 1569 2400 Solon
1586 2350 1593 2402 l

137 2385 235 2444 Pinem
247 2389 348 2448 intueri
360 2396 451 2466 longao
467 2398 531 2455 rite
542 2416 596 2472 quo
603 2400 694 2472 jubes.
992 2412 1120 2475 Clamore
1132 2434 1234 2493 magno
1249 2431 1292 2482 ter
1303 2426 1434 2488 Solonem
1446 2449 1597 2509 nuncupat.

137 2476 214 2536 uutu
229 2481 281 2540 hoc
291 2483 421 2543 Solonem
437 2486 503 2547 diso
517 2487 614 2549 Croeso
628 2493 795 2553 existimant.
991 2505 1052 2575 Qua
1060 2526 1128 2569 noce
1141 2507 1232 2586 Cyrus'
1242 2530 1345 2591 motus,
1355 2526 1492 2601 exstingui
1499 2530 1579 2600 iubet

135 2568 315 2631 BtPittacum
331 2577 435 2637 dixisse
447 2581 518 2639 lama
530 2590 574 2639 est
587 2582 733 2656 Lesbium,
991 2597 1094 2672 Gyrum
1107 2619 1159 2675 per
1172 2620 1301 2678 omnem,
1315 2622 1345 2670 et
1358 2614 1463 2676 destrui
1477 2622 1620 2685 ardentem
1634 2643 1740 2703 pyram.

136 2669 266 2742 ripaursa
277 2673 365 2748 καιρόν
380 2690 386 2726 :
402 2681 510 2747 tempus
522 2685 553 2731 ut
567 2678 661 2748 noris,
674 2680 763 2752 julret.
976 2689 1208 2779 'Etcommodum
1236 2701 1366 2771 prolusus
1380 2707 1468 2768 imber
1482 2712 1601 2773 nobilius

136 2759 193 2819 Scd
206 2765 293 2840 καιρὸς
308 2766 376 2834 iste,
392 2770 587 2841 terrrpestirum
601 2781 773 2845 tempusost.
990 2782 1132 2858 llepressit
1145 2791 1246 2862 ignem.
1257 2794 1371 2857 Groesus
1382 2803 1415 2859 od
1429 2821 1521 2878 regem
1537 2809 1612 2869 illico

135 2853 199 2911 Bias
214 2855 346 2916 Prieneus
353 2860 439 2930 dixit,
455 2864 609 2924 ululaturos
628 2871 721 2926 nansi:
989 2875 1130 2938 Deductus
1141 2882 1240 2942 lectam
1252 2901 1302 2958 per
1312 2891 1502 2954 ririuisrrorum
1518 2917 1629 2962 uranum

133 2947 211 3017 Quod
226 2958 271 3007 est
283 2951 428 3024 Latinum,
445 2956 541 3017 Plures
550 2958 690 3018 homiuum
701 2973 765 3022 suut
777 2964 863 3024 mali:
988 2966 1194 3046 Interrogatus,
1206 2992 1287 3048 quiem
1296 2979 1425 3042 Solonem
1440 2988 1545 3050 diceret
1559 3011 1566 3049 ε

133 3039 188 3096 Sed
202 3040 343 3115 imperitos
358 3049 447 3118 scito,
461 3065 531 3122 quos
544 3051 615 3109 dlxit
626 3055 724 3113 malos.
946 3097 972 3164 c
988 3059 1222 3134 sequanenses
1236 3087 1347 3132 causam
1362 3077 1477 3140 haberet
1489 3088 1624 3169 nominis,

132 3133 233 3198 mitra
245 3138 275 3195 τι
288 3145 362 3208 πᾶν,
378 3140 519 3201 Periandri
529 3154 571 3202 est
585 3145 740 3217 Corinthii,
985 3151 1090 3212 Seriem
1105 3172 1276 3229 peromnem
1292 3177 1391 3226 cuncta
1408 3174 1463 3243 regi
1478 3176 1618 3238 edisserit.

100 3235 104 3238 ’
131 3226 201 3284 Esse
214 3228 417 3290 fleditationenr
434 3244 520 3293 totum
533 3240 579 3309 qui
594 3247 682 3311 putat.
985 3244 1132 3307 lliseratur
1144 3252 1192 3312 ille
1207 3257 1337 3332 :vimque
1351 3262 1468 3325 iortunae
1480 3271 1594 3344 ridens,

127 3297 257 3398 ’Ἄριστον
269 3326 364 3402 pisper
377 3340 440 3384 esse
456 3328 527 3386 dixit
538 3328 653 3388 lindius
984 3337 1089 3398 Laudm
1106 3341 1237 3405 Solonem
1252 3365 1260 3407 ι
1275 3351 1399 3413 Cretum
1410 3358 1437 3415 io
1449 3363 1546 3421 amicis
1558 3365 1651 3428 habet.

129 3409 291 3482 Cleobulus,
306 3416 429 3485 meost,
445 3419 570 3491 Optimus
581 3422 688 3481 cunctis
700 3424 806 3485 modus.
983 3427 1167 3508 vinctumque
1183 3441 1286 3510 pedicis
1299 3448 1392 3505 aureis
1405 3466 1497 3509 secum
1510 3455 1590 3526 iubet

128 3500 250 3575 Thales,
265 3503 368 3585 ἰγιιι,
382 3513 495 3590 πάρεστι
508 3512 532 3571 δ’
544 3512 605 3585 ἄτη,
616 3518 739 3590 protulit.
981 3522 1142 3599 Reliquum.
1153 3533 1226 3603 quod
1241 3545 1317 3592 esset
1329 3538 1408 3608 ritu,
1424 3551 1510 3604 totum
1520 3550 1632 3623 degere.

127 3595 272 3669 Spondere
285 3602 331 3674 qoi
344 3618 410 3675 nos,
422 3622 495 3663 noxa
508 3609 581 3681 quod
593 3625 665 3681 praes
678 3620 722 3669 est
732 3622 817 3672 retae
981 3614 1043 3691 ligo
1052 3620 1168 3680 duorum
1177 3640 1272 3698 regum
1286 3632 1443 3695 testimonio

126 3686 187 3746 lise
200 3705 252 3749 uos
262 3707 376 3753 monere
389 3736 397 3766 ‚
414 3696 546 3757 feneratis
559 3716 614 3758 non
624 3702 724 3773 placet.
738 3716 743 3720 ·
980 3708 1136 3785 Laudatus,
1148 3725 1177 3773 et
1191 3719 1324 3789 probatus
1335 3725 1471 3788 ambobus
1484 3730 1533 3789 lui.

163 3782 237 3842 Dixi.
252 3784 399 3850 decedam.
413 3790 719 3866 Lagilerrenitsoloo.
978 3802 1111 3879 Quodque
1141 3810 1188 3867 oni
1220 3810 1322 3871 dictum
1355 3826 1413 3888 cst,
1441 3823 1558 3897 quisque
1587 3829 1641 3890 silit
1674 3834 1778 3909 dipem

705 3903 709 3909 ’
1673 3936 1739 3988 utet.

162 4012 203 4073 Ile
215 4030 292 4075 moro
305 4018 402 4081 Graeoo
415 3909 686 4094 ριοιῗὲιοιῖιιιοιιιι
699 4028 805 4098 Solon,
1013 3988 1072 4062 3⁸⁰
1081 3992 1138 4065 5³¹⁰
1152 3996 1245 4070 ΜΨ
1256 4043 1264 4071 r
1277 4015 1331 4071 ‘¹¹¹³
1346 4001 1381 4061 (¹⁰
1395 4018 1478 4064 ΨΜ
1492 4009 1546 4067 ¹¹⁰⁰
1562 3925 1671 4083 Ριθῶξξ,

122 4104 237 4178 gemm
250 4109 410 4184 &giemum
426 4113 498 4172 sam
511 4118 555 4174 eui
567 4119 686 4189 palmam
701 4119 785 4179 dedu·
977 4079 1135 4142 Venitceco
1146 4084 1257 4146 Chilon.
1274 4090 1330 4150 Vos
1341 4094 1447 4168 talete,
1462 4107 1490 4156 et
1504 4101 1636 4172 plaudite.

123 4199 647 4278 Sedlamanonestjudiciisereritas.
1320 4207 1427 4266 Cliton.

1032 1877 1068 1935 At
1083 1881 1128 1939 ille
1141 1893 1255 1956 captus,
1271 1888 1376 1949 lunaris
1389 1892 1448 1966 ipse
1462 1897 1550 1957 instar
1562 1903 1614 1959 sui.
1788 1858 1800 1885 ⁹

120 4290 218 4365 Neque
227 4309 272 4353 me
286 4311 348 4356 csse
358 4300 486 4371 primum,
497 4312 618 4361 restrum
628 4313 675 4364 ιιι
687 4306 772 4365 imum
783 4307 921 4382 extenuo,
1011 4321 1260 4401 contraeundo,
1276 4334 1406 4407 oculique
1417 4344 1568 4410 spectando
1581 4346 1692 4423 dolent,

120 4383 278 4459 AEqualitas
289 4391 361 4462 quod
374 4394 496 4453 ordinem
508 4399 596 4455 nescit
608 4403 675 4471 pati.
974 4414 1110 4474 llanendo
1122 4418 1250 4478 δοιιιιιι
1265 4426 1353 4496 quoad
1367 4441 1431 4487 sese
1445 4432 1569 4504 recipiat.

119 4477 281 4538 Recteolim
295 4483 416 4558 ineptum
428 4489 576 4563 Delphicus
588 4493 674 4566 iussit
686 4493 759 4553 Deus
932 4479 961 4544 Ῑ)
974 4507 1044 4580 llui,
1058 4526 1139 4583 quam
1151 4528 1235 4585 pauca
1246 4517 1385 4588 quamdiu
1396 4520 1546 4594 loquuntur
1559 4529 1652 4591 Attici.

118 4573 311 4647 Quarentem,
326 4579 450 4651 quisnam
461 4584 564 4655 primus
575 4591 728 4661 sapientum
742 4591 830 4663 toret,
867 4596 877 4600 ’
913 4657 915 4661 Α
972 4598 1059 4660 Unam
1076 4607 1205 4665 trecentis
1221 4608 1519 4677 versibussententiam

119 4663 158 4722 lit
171 4665 198 4722 iu
210 4669 277 4727 orlte
291 4674 369 4729 tereti
385 4677 493 4734 nomina
504 4693 599 4737 eorum
615 4682 750 4743 incideret
766 4704 773 4742 :
970 4691 1093 4752 'landem
1109 4699 1215 4772 peregit
1226 4717 1234 4768 ;
1247 4717 1345 4775 meque
1360 4718 1518 4780 respectans
1531 4715 1611 4775 abiit.

114 4756 274 4830 Neprimos
283 4773 374 4835 esset,
390 4783 426 4826 ne
435 4771 477 4828 rel
490 4771 563 4830 imus
576 4775 721 4847 quispiam.
969 4781 1123 4857 Spartanus
1136 4806 1188 4863 ego
1198 4806 1258 4850 sum
1270 4792 1365 4868 cotto,
1381 4801 1427 4870 qul
1444 4817 1516 4863 nunc
1526 4810 1640 4879 prodeo.

112 4851 223 4910 Eorum
237 4859 356 4919 emedio
367 4863 469 4933 prodeo
481 4881 550 4941 gyro
562 4868 656 4927 Solon.
969 4875 1110 4936 Brevitate
1126 4892 1206 4955 nors,
1217 4900 1270 4957 qua
1283 4885 1407 4948 Lacones
1418 4893 1534 4968 utimur,

112 4943 155 5001 tlt
164 4945 230 5017 quid
238 4946 340 5009 dixisse
349 4950 445 5014 Croeso
459 4959 515 5032 regi
530 4960 686 5032 existimor,
967 4965 1137 5027 Commendo
1149 4983 1272 5032 nostrum
1283 4982 1358 5052 potr
1369 4988 1493 5056 σεαυτὸν,
1509 4989 1598 5053 Nosce
1608 5007 1652 5068 re,

110 5033 148 5093 ld
162 5039 252 5098 omnis
265 5041 409 5104 homiuum
420 5059 495 5108 secta
511 5052 563 5110 sibi
578 5055 681 5114 dictum
695 5066 781 5130 putet.
967 5057 1045 5127 Quod
1059 5060 1086 5117 in
1099 5062 1226 5120 columna
1238 5065 1295 5136 iam
1310 5077 1420 5129 tenetur
1434 5075 1574 5148 Delphica.

108 5129 214 5188 Gneo
227 5143 352 5194 coactum
366 5137 416 5218 ips
427 5143 497 5206 eto<
506 5152 607 5224 parpes
618 5150 677 5221 pluo
693 5164 700 5208 :
738 5155 740 5158 ·
966 5149 1057 5210 Labor
1072 5154 1206 5214 molestus
1214 5158 1282 5229 iste,
1293 5158 1374 5218 tracti
1385 5172 1429 5221 est
1437 5168 1549 5239 optimi,

105 5220 195 5289 Quod
205 5221 313 5297 longius
326 5226 371 5297 tit,
382 5232 407 5287 ri
419 5231 517 5291 Latine
529 5235 665 5296 edisseras
680 5258 688 5296 :
967 5243 1037 5313 Quid
1047 5245 1118 5305 terre
1132 5249 1236 5320 possis,
1248 5249 1348 5322 quidve
1360 5269 1432 5326 nun,
1447 5257 1611 5333 dignoscere
1624 5287 1632 5327 ι

105 5314 242 5388 spectare
254 5319 400 5394 uitoejsleo
412 5334 519 5384 cunctor
528 5330 676 5389 tarquinum.
965 5333 1068 5407 Νθθῑῑῑ,
1083 5337 1187 5413 diuque
1199 5356 1261 5413 ιιι)
1274 5357 1371 5416 delli»
1383 5363 1445 5420 quae
1456 5355 1592 5425 lewis·

101 5404 235 5467 Proinde
242 5408 375 5485 miserm,
387 5424 434 5474 aut
445 5415 541 5477 ιιιιιι
551 5417 642 5480 dicere
965 5430 1096 5505 adusque
1111 5435 1202 5506 puncti
1213 5437 1304 5493 tenuis
1316 5438 1403 5497 instar
1418 5457 1553 5515 quaerere.

101 5497 192 5557 Erita
207 5517 214 5555 ε
233 5503 305 5575 qnod
316 5516 381 5563 surrt
393 5523 503 5582 semper
512 5512 624 5587 ancipiti
637 5524 722 5574 statu.
963 5520 1061 5582 illicia
1071 5533 1187 5596 conca,
1200 5526 1302 5599 pudor,
1318 5529 1422 5604 honor,
1439 5541 1609 5614 constantia,

98 5589 137 5652 ld
149 5591 225 5650 adeo
236 5595 277 5653 sie
286 5607 340 5657 est.
354 5598 384 5658 Si
398 5616 516 5674 queam,
533 5607 629 5678 paucis
643 5609 749 5682 loquar.
963 5616 994 5676 ln
1005 5618 1058 5675 lroc
1074 5636 1081 5674 ι
1096 5629 1124 5677 et
1133 5618 1179 5676 illa
1189 5630 1283 5692 spreta
1293 5622 1372 5682 uobis
1384 5627 1484 5699 gloria.

141 5684 224 5760 lica,
234 5701 269 5745 ιι
285 5697 433 5764 tyrannus,
443 5694 537 5769 Lydiae
550 5698 662 5761 Croesus
675 5700 727 5762 luit
792 5744 800 5782 ,
999 5710 1070 5772 iiixl.
1086 5710 1179 5773 llalete
1192 5728 1338 5776 memores.
1353 5715 1481 5782 Plausum
1492 5740 1550 5784 nun
1564 5744 1667 5796 moror.
1683 5807 1687 5817 ¹

252 5780 393 5847 Parnon.
415 5785 505 5852 xlx.
1504 5819 1546 5886 28
