4150 6167
270 233 322 296 ttl
591 225 760 291 sensum
778 217 965 286 PORPHYRM
985 218 1031 280 ab
1050 212 1319 280 CONSTAN'MNUM
1337 201 1603 273 manutenent.
1852 201 1897 265 iii

334 356 428 417 liudus,
441 366 530 422 egens,
541 352 652 406 Veneris
660 349 825 415 naufragusin
835 344 926 398 tabula.
1082 354 1109 410 Α
1121 338 1196 394 lnter
1209 340 1353 409 fragmenta
1368 327 1488 386 Petronii
1503 322 1616 386 Arbitri,
1630 317 1665 373 ad
1677 315 1754 382 ittae,
1767 315 1846 377 erede
1855 335 1896 377 ra·

308 465 379 522 citat
391 464 456 520 item
470 462 616 519 lilralranus
628 461 656 517 iu
671 456 834 515 mirabilium
848 451 998 510 carminum
1014 459 1072 516 pre
1235 416 1289 463 10⁰¹
1302 413 1404 470 ventu,
1421 409 1492 466 cte,
1508 409 1593 452 racana
1603 406 1663 463 gara
1673 397 1806 445 annotant.

271 559 334 630 lagu
361 572 424 614 eum
438 556 513 613 enirn
526 554 565 611 ait
575 553 684 626 punctis
696 547 858 623 quibusdam
870 556 965 601 sersus
978 546 1073 595 nutare
1161 534 1219 590 Nisi
1233 533 1267 589 sit
1280 530 1372 605 patius
1384 520 1529 596 Porphyrii
1541 525 1630 591 puetae
1641 514 1691 571 sub
1702 510 1864 571 Constantius
1873 515 1898 572 iu

273 653 402 720 solitum,
418 662 447 708 et
459 657 604 721 propterca
624 647 696 704 illius
714 660 745 703 se
762 641 891 712 exemplu
912 648 1009 694 sersus
1030 630 1072 687 la·
1126 626 1251 683 exsilium
1262 621 1350 687 missi,
1368 617 1448 687 cuius
1460 614 1593 688 pleraque
1603 605 1684 666 ridet
1693 602 1813 662 Petmnia
1820 613 1901 664 uurtru

273 755 381 803 clarum
393 742 548 816 pellicetus.
1127 720 1195 777 vela
1209 717 1319 775 celticis
1333 710 1427 771 tribui.

282 894 1903 962 *ῤ’-Μίμ-
1964 865 1968 875 .

453 1121 739 1213 EPISTOLA
777 1108 1104 1205 PORPHYRII
1139 1105 1220 1191 AD
1258 1083 1738 1186 CONSTANTINUM.

408 1285 534 1340 DOMINO
549 1278 772 1338 consultatur)
798 1272 937 1337 stultu,
964 1268 1030 1333 PIO,
1058 1261 1189 1317 Invicto
1213 1251 1471 1314 attentantem,
1493 1245 1620 1302 SEMPER
1646 1239 1803 1296 suuttsto.
1880 1288 1884 1292 ,

1034 1394 1190 1414 -η

567 1586 767 1650 Constantine,
789 1577 906 1636 maxime
920 1569 1036 1633 inuicte,
1054 1572 1083 1621 et
1096 1563 1120 1627 B
1134 1566 1223 1621 tutes,
1240 1552 1311 1608 inter
1322 1545 1476 1618 triumphus
1489 1551 1516 1599 et
1531 1541 1655 1606 laureas,
1670 1536 1745 1593 inter
1758 1533 1843 1605 legum
1864 1546 1918 1589 san·
2031 1578 2032 1599 ι

313 1600 428 1667 Fateor,
444 1594 557 1654 dominc

1135 1649 1242 1707 ctiunes
1255 1654 1284 1702 et
1294 1643 1366 1715 jura,
1382 1639 1463 1697 etiam
1478 1635 1564 1694 Musis
1578 1631 1627 1690 libi
1648 1627 1826 1687 lamiliaribus
1837 1625 1848 1658 ⁸
1860 1623 1919 1682 adet

277 1708 332 1750 nnn
348 1690 439 1747 miurus
457 1688 559 1760 pietate
571 1696 653 1756 quarn
666 1679 768 1735 virtute
782 1669 939 1744 praecipue,
958 1657 1082 1732 quamvis

276 1799 361 1841 arara
375 1793 458 1855 atque
482 1781 554 1836 ultra
577 1774 705 1833 meritum
725 1763 823 1838 cupida
846 1755 992 1833 parvitatis
1012 1763 1083 1808 meae
1132 1755 1227 1807 uaeas,
1243 1747 1273 1796 ut
1286 1737 1408 1793 intertui
1421 1732 1521 1790 diuinas
1531 1725 1684 1800 maiestatis
1696 1721 1823 1795 iusignia,
1835 1719 1922 1793 quibus

277 1887 352 1945 unta,
369 1872 531 1946 inlatigabili
545 1866 699 1928 clementie
710 1854 932 1928 medignaslone
943 1851 1080 1918 superata.
1135 1837 1252 1894 inuictus
1266 1846 1377 1904 semper
1391 1830 1419 1885 irr
1435 1826 1532 1901 primis
1548 1814 1882 1891 es,bu1usetiamstudii
1899 1813 1922 1869 irr

827 1955 871 2013 at,
887 1955 997 2002 carmen
1009 1935 1082 2010 quod
1134 1939 1160 1988 tc
1176 1928 1258 1985 micet
1273 1921 1405 1997 splendor
1419 1920 1560 1995 egregius.
1582 1913 1722 1973 Nimirum
1739 1924 1820 1983 agere
1836 1908 1926 1983 gratias
2031 1974 2032 2003 1

275 1970 383 2041 Quippe
394 1968 439 2024 cui
452 1966 522 2023 satis
534 1958 697 2030 abundeque
708 1951 826 2011 andacer

277 2061 442 2120 arctioribus
465 2057 604 2115 Musarum
630 2050 777 2122 ligaveram
796 2037 930 2104 vinculis,
951 2047 1008 2105 pua
1021 2030 1084 2103 plus
1135 2020 1345 2087 audcbn,¹‘crrm
1368 2015 1434 2074 erili
1450 2025 1580 2069 sermone
1595 2023 1630 2066 ne
1643 2004 1820 2080 perminimis
1829 1999 1925 2074 quiden

279 2156 348 2214 milri
364 2155 480 2210 sincere
494 2145 650 2207 denotionis
663 2138 801 2202 studium,
816 2144 898 2206 quam
911 2124 1014 2200 ingenii
1029 2121 1084 2178 mei
1138 2115 1236 2172 reterri
1260 2110 1367 2184 digne⁸
1382 2109 1506 2182 possint,
1523 2112 1552 2162 et
1572 2113 1614 2169 ιιι,
1632 2099 1678 2172 pie
1692 2100 1928 2170 imperatar,tanta
2031 2160 2032 2175 χ

279 2250 402 2325 parvitas
417 2243 560 2319 praestitit,
575 2242 603 2297 in
622 2249 699 2304 ruas,
718 2227 910 2304 augustissime
924 2223 1083 2292 imperator,
1135 2206 1312 2280 praestiteris,
1328 2211 1359 2259 ut
1372 2200 1445 2259 istud
1459 2213 1509 2270 pre
1520 2193 1676 2254 benelactis
1692 2193 1750 2249 tuis
1761 2206 1795 2248 ne
1807 2187 1930 2245 ineundis·

279 2360 376 2405 manus
390 2341 500 2400 venisse
514 2335 660 2400 victrices,
686 2325 833 2398 legendum
856 2318 943 2376 oculis
965 2315 1030 2370 tuis.
1054 2308 1084 2383 ln
1135 2303 1214 2360 simis
1233 2299 1345 2373 quidem
1364 2295 1453 2367 pessit
1472 2288 1599 2364 impleri?
1615 2287 1728 2345 Etenim
1744 2285 1770 2342 si
1782 2284 1839 2350 ita,
1852 2289 1931 2338 utsa·

280 2455 336 2512 paru
347 2436 414 2495 mibi
426 2436 435 2467 ¹
450 2447 501 2505 pro
514 2427 653 2486 llelicanis
665 2418 777 2479 verticis
790 2426 913 2478 nemore,
926 2423 976 2480 pru
989 2403 1086 2460 Casta·
1136 2392 1279 2466 pientibus
1304 2388 1408 2461 placuit
1420 2426 1428 2452 ,
1452 2383 1574 2441 manime
1596 2382 1764 2452 imperator,
1785 2371 1933 2434 estimanda

183 2590 186 2595 .
277 2532 308 2591 lii
323 2531 405 2589 lautis
418 2528 517 2585 haustu
531 2520 676 2585 versillae,
691 2527 743 2587 pru
762 2505 899 2582 Apollinis
913 2503 981 2575 lyras
996 2497 1084 2553 Musa·
1135 2496 1218 2555 tunt,
1235 2501 1290 2542 nnn
1304 2480 1472 2539 numeranda
1485 2476 1607 2550 judicia,
1628 2474 1678 2547 qui
1693 2469 1852 2543 buiusmudi
1866 2466 1935 2524 lesti-
2031 2514 2032 2533 ,

279 2641 340 2684 rurn
366 2617 577 2681 concinentibus
596 2610 704 2679 eboris,
727 2601 891 2671 caeterisque
912 2607 974 2667 quae
996 2588 1087 2662 pneris
1136 2580 1258 2638 monium
1271 2583 1440 2634 consecutus
1451 2585 1512 2629 sum
1528 2568 1640 2640 pietatis
1653 2576 1711 2622 tuae
1728 2562 1938 2636 dignationecm
2031 2556 2032 2607 l

281 2732 342 2776 mos
357 2726 401 2774 cst
414 2726 525 2771 carmen
545 2702 726 2780 pangentibus
741 2698 889 2759 invocare,
904 2689 943 2745 tui
957 2683 1022 2743 milri
1036 2694 1087 2736 nu·
1137 2674 1218 2740 lesti,
1229 2672 1286 2744 jarn
1309 2671 1373 2726 licet
1392 2662 1520 2723 Parnassi
1535 2662 1599 2734 juga
1614 2672 1735 2717 securus
1758 2653 1903 2726 ingrediar,
1914 2657 1939 2707 ιι

279 2809 363 2870 minis
377 2815 482 2863 caterua
496 2800 634 2865 felicitas,
649 2804 678 2853 et
693 2792 756 2864 ejus
771 2781 947 2844 multiformis
961 2790 1022 2834 cunt
1036 2788 1087 2830 stra
1137 2770 1172 2827 ab
1189 2768 1258 2840 ipsis
1274 2765 1354 2821 danii
1366 2760 1480 2819 uerticis
1493 2756 1583 2831 adytis
1598 2755 1744 2812 deducere
1759 2751 1875 2809 audeam
1886 2748 1938 2803 lla·

279 2900 459 2961 ueneratione
483 2891 625 2966 praelatio,
650 2882 819 2944 incentivum
839 2872 940 2933 cecinit
960 2868 1017 2925 ad¹
1038 2880 1088 2921 au·
1139 2879 1193 2930 sas,
1213 2870 1288 2918 tutus
1307 2869 1481 2930 quocumque
1496 2865 1574 2909 mens
1586 2849 1638 2906 ibit
1654 2850 1683 2904 ιιι
1699 2846 1845 2913 carmina,
1862 2849 1890 2898 ιι
1901 2839 1939 2896 di·

278 2995 420 3061 dendum,
436 2986 511 3046 etad
525 2978 727 3056 expediendum
748 2973 852 3046 pariter
874 2964 1012 3038 ingenium
1036 2959 1122 3025 tri-c
1138 2959 1203 3014 rina
1216 2954 1382 3028 judiciorum
1399 2960 1508 3007 tuarum
1524 2946 1695 3003 auctoritate
1708 2941 1854 3007 munitus,
1870 2944 1942 3006 atpue
2031 2950 2032 2965 ι

279 3088 339 3147 Ιιιιίι
363 3096 391 3142 ιι
414 3081 554 3139 ellectum.
580 3074 711 3130 Romanae
736 3065 821 3123 Musae
846 3058 960 3116 antistes
986 3051 1086 3110 nubilis
1139 3053 1166 3109 irr
1191 3063 1254 3106 mea
1276 3045 1463 3105 biandimenta
1489 3041 1551 3113 plus
1574 3036 1729 3103 credulus,
1752 3034 1883 3089 uniuersa
1904 3040 1943 3084 me

279 3179 458 3239 Mantuanus,
484 3182 582 3226 serena
596 3164 644 3220 lua
667 3166 760 3217 ratum
774 3200 781 3225 ,
796 3160 825 3211 et
838 3151 900 3208 lens
916 3146 976 3220 puri
992 3152 1086 3201 necta·
1138 3142 1199 3202 orbi
1220 3138 1355 3210 placuisse
1375 3133 1560 3203 contendam,
1576 3130 1623 3204 qui
1638 3129 1760 3203 placere
1782 3125 1857 3198 patui
1871 3121 1944 3179 tutius

281 3271 336 3336 ris,
353 3267 413 3324 tela
429 3260 563 3321 fecundus
579 3257 607 3313 ln
621 3252 742 3312 carmina
753 3249 764 3280 ⁸
777 3245 895 3311 exaltat,
909 3254 983 3297 acse
997 3233 1083 3309 pluri·
1138 3235 1213 3293 orbis
1231 3231 1403 3305 imperatori.
1423 3229 1669 3300 immemoratus,
1682 3220 1884 3295 augustissime
1903 3213 1945 3272 de

281 3360 467 3432 mumjaetat,
481 3353 619 3412 etiterum
632 3363 665 3404 ac
678 3342 779 3415 saepius
792 3336 949 3396 Mecoerratis
962 3331 1086 3389 testimu-
1139 3331 1228 3395 mine,
1257 3323 1408 3385 temeritati
1437 3337 1505 3379 mee
1529 3319 1563 3377 da
1587 3317 1723 3385 reniam,
1751 3325 1781 3372 et
1802 3328 1865 3386 que
1884 3321 1948 3366 nunc

282 3455 329 3512 nin
345 3449 488 3526 gloriatur.
502 3444 573 3515 Quid
587 3457 638 3515 ego
650 3439 746 3495 iaeiam
757 3431 832 3491 tenui
845 3442 948 3501 pauper
962 3422 1084 3496 ingenia,
1139 3438 1248 3498 quaque
1266 3421 1376 3494 pietatis
1398 3426 1452 3475 tum
1471 3416 1565 3472 lauare
1584 3427 1673 3470 ausus
1693 3427 1758 3468 surn
1771 3408 1878 3481 illigare
1890 3445 1897 3470 ,
1908 3401 1946 3457 dl·

284 3546 377 3606 meriti
392 3558 465 3599 nunc
479 3553 565 3613 usque
579 3531 722 3608 perparril
740 3526 868 3586 Coeltslia
879 3520 972 3594 iudicii
990 3518 1087 3588 digna·
1140 3526 1256 3593 gnanter
1267 3513 1381 3573 admitte
1398 3509 1548 3569 :Audacia
1562 3505 1776 3565 meelomitern
1787 3493 1950 3558 auctoritatis

282 3644 359 3700 tierre
383 3640 548 3696 immensum
563 3629 633 3688 mibi
648 3623 755 3700 pondus
774 3618 930 3691 impositum
944 3624 1004 3682 est,
1027 3609 1086 3682 ejus
1141 3607 1349 3670 supplementis
1364 3602 1519 3663 suscitavit.
1531 3600 1609 3657 vain.

283 3734 457 3809 imperatoris
471 3724 643 3793 testimonio,
659 3721 705 3794 qui
720 3721 793 3775 inter
805 3713 870 3773 belli
886 3710 1015 3784 pacisque
1029 3706 1083 3761 vir·
2031 3692 2032 3751 p

322 3897 330 3929 ¹
346 3893 399 3951 Per
415 3888 565 3955 Heliconia,
581 3893 610 3943 et
621 3883 662 3942 sic
672 3880 814 3949 deinceps.
918 3872 921 3879 '
1178 3866 1294 3923 *caum
1307 3882 1395 3922 uaeas.

324 3967 336 3998 ¹
350 3963 528 4020 Audiendum.
1178 3940 1189 3972 ⁸
1202 3938 1284 4013 Cujus
1294 3955 1326 3994 ea
1336 3937 1408 3993 iilius
1421 3948 1538 3992 termam
1550 3930 1666 4005 permira.

323 4037 334 4071 ⁸
347 4036 468 4095 neutra.
1178 4012 1189 4043 ⁸
1204 4009 1303 4067 Possit.

327 4192 441 4282 Maxime
458 4196 561 4251 inuicte.
571 4187 645 4247 Petri
658 4183 758 4272 Pitiroei
777 4179 861 4239 editio
873 4178 944 4235 luter
957 4173 1086 4260 Veterum
1145 4245 1150 4255 Ι
1179 4169 1278 4255 Quibus
1289 4169 1401 4224 irruictaa
1414 4182 1514 4239 semper
1530 4166 1556 4219 ιἰι
1568 4164 1665 4237 primis
1678 4177 1719 4218 es.
1736 4160 1817 4218 l‘itb.
1832 4157 1954 4233 quibusel

293 4268 500 4351 Epigrammata
510 4259 851 4349 eiPoesnatra,prucumta
867 4248 991 4321 Lugduni
1007 4245 1088 4312 1506,
1142 4250 1252 4299 erraretur
1266 4256 1364 4325 seraper
1378 4241 1600 4321 etprimusesz·
1692 4307 1723 4320 ..

293 4342 867 4486 ΙἻιῗΖὲᾇαῖῗίιιιιιιιιιιιῗῖαἰξίιιῗιῗιιιιῖιιὶιιιιιίιιι.
1103 4395 1130 4455 1)
1179 4308 1637 4457 ᾗῖηἷιιθιωιῖιιιιιιξξιιᾚῒιηειῧώριξὲιιιιδ
1649 4307 1956 4451 elffi'tldrf‘psstalmiuirnisg.

329 4483 485 4553 sinonem.
501 4480 574 4537 Pitb.
587 4474 728 4543 suffecerit.
1143 4475 1166 4511 r.
1179 4458 1206 4511 ιι.
1221 4456 1311 4530 pessit.

329 4555 493 4630 digererem.
505 4549 577 4609 Pitb.
589 4549 762 4619 illigaverunt.
1178 4526 1220 4586 Ne
1231 4524 1425 4598 inerudissimis
1441 4540 1516 4608 app.
1530 4521 1657 4595 irrupturi?
1676 4521 1759 4580 Pitlr.
1776 4537 1813 4577 ne
1827 4537 1845 4574 a
1859 4515 1958 4590 [mana.

329 4628 387 4693 Qua
415 4628 456 4711 im
473 4609 884 4708 ιιὶιιὶ.1ζίιὴ.ᾳιιιριιἰιιιιιὴι.
1047 4658 1055 4685 ε
1140 4620 1167 4673 q.
1175 4619 1210 4726 p
1225 4598 1338 4683 impleri.
1350 4595 1461 4679 Absque
1475 4592 1791 4679 interrogandisignn.

329 4697 384 4755 Pru
420 4692 622 4753 assonetur.
644 4685 844 4761 psallebamus,
869 4675 941 4749 quod
963 4673 1090 4731 Bartirrus
1195 4688 1237 4727 arn
1251 4665 1540 4726 laeetParrrassr.Prllr.
1549 4681 1608 4737 pam
1621 4674 1756 4722 omrttrt.

293 4770 407 4837 maruli,
423 4769 476 4825 col.
494 4764 574 4821 lior.
1181 4744 1350 4814 Quacumque
1364 4754 1435 4794 mena
1446 4737 1492 4793 ibit
1503 4738 1531 4790 irs
1546 4736 1684 4792 cerasina.
1707 4735 1790 4794 Pislr.
1805 4746 1960 4808 quacumque

329 4844 352 4900 d
371 4841 458 4898 ultimis
472 4838 545 4910 iprae.
558 4834 631 4890 Pitb.
648 4829 734 4905 Apuli.
746 4827 815 4898 Ipsa.
1024 4861 1026 4863 .
1141 4813 1282 4881 sacristiis,
1296 4812 1421 4868 camnine.

356 4916 383 4970 rai
395 4910 458 4968 milri
472 4908 594 4965 staminis.
606 4903 680 4960 Pitb.
701 4901 738 4956 tui
751 4895 864 4953 mirri...
876 4908 946 4948 nem.
963 4888 1091 4946 Bartbius
1178 4886 1263 4941 durus
1283 4900 1342 4942 suns
1361 4881 1474 4956 illigare.
1500 4879 1574 4938 Piilr.
1589 4896 1681 4936 erasus
1696 4898 1765 4937 sans
1783 4879 1901 4937 ueritas
1916 4875 1964 4929 illi·

296 4987 405 5063 legebat
415 4983 452 5038 tari
463 4979 544 5036 diuini
557 4974 680 5033 nominis.
1142 4974 1214 5031 pare.

329 5059 394 5118 carm
405 5070 453 5113 sua
465 5051 629 5107 ιιιιιιιιιιιιιι
640 5039 855 5120 ριιιιιιιίι.Ρίι1ι.
871 5052 929 5092 cunr
946 5051 996 5091 aua
1015 5047 1091 5089 nene·
1184 5027 1257 5085 Vale.
1280 5027 1366 5086 abesa
1379 5042 1395 5083 a
1408 5025 1481 5082 Pitlr.
1499 5023 1632 5079 Bartirius
1651 5026 1866 5094 ascripserat:
1883 5040 1893 5075 ι
1912 5018 1964 5076 lien

229 5194 233 5200 ,
295 5132 394 5191 rabili..
411 5165 431 5183 ..
443 5123 573 5202 prelatio.
749 5185 755 5198 θ
1143 5102 1204 5159 ideo
1230 5096 1408 5158 dubitandum
1432 5095 1468 5154 de
1490 5094 1670 5167 ingenuitate
1698 5097 1789 5170 liujus
1825 5093 1963 5165 epistole,

293 5246 296 5253 «
330 5200 533 5261 Αιιιιιιιιιιιιι,ιι
597 5185 798 5247 ‚acetabula
814 5183 901 5240 abest.
1143 5173 1215 5245 quod
1235 5172 1311 5228 multi
1329 5168 1558 5226 Constantiniana
1575 5181 1642 5222 aevo
1658 5169 1775 5226 melius
1788 5168 1892 5225 Latine
1903 5161 1965 5222 acri.

330 5265 548 5331 Αιιιιιιιιιιιιιιιιι
596 5269 652 5318 ant.
667 5258 739 5317 Pirb.
754 5255 838 5312 rrnbia.
851 5253 930 5310 Male.
1142 5254 1276 5317 pserunt:
1294 5257 1356 5297 nam
1371 5254 1399 5298 er
1410 5241 1479 5297 alius
1491 5239 1697 5309 licetnntare,
1712 5249 1746 5298 et
1772 5243 1818 5296 sic
1843 5248 1873 5296 et
1897 5236 1965 5307 neiat

331 5345 469 5409 lienteria,
488 5338 545 5395 aeta
560 5333 698 5408 secundm.
720 5329 792 5386 Pitlr.
816 5326 929 5381 nectaris
953 5319 1091 5395 secandus.
1143 5317 1244 5382 etiam,
1274 5318 1398 5380 locutus;
1421 5312 1689 5379 ursintesemplo‚
1717 5309 1965 5385 chorograpnias

296 5421 365 5480 Male
377 5416 481 5473 omittit
495 5423 602 5468 rocem.
1143 5386 1245 5443 inrubn
1257 5381 1446 5450 Gntbulredn,
1457 5381 1637 5439 itinerarium
1674 5383 1965 5457 llieresnlynrisaunrrt

328 5490 363 5547 ln
374 5487 489 5544 earmina
502 5481 609 5539 caaitat.
622 5473 693 5532 Pitlr.
707 5475 734 5528 irr
745 5471 859 5527 carrrrine
873 5466 983 5524 exaltat.
1144 5473 1159 5513 a
1174 5458 1255 5514 Petro
1269 5458 1386 5524 Pillroeu,
1397 5454 1563 5526 promulgata
1574 5455 1740 5522 opuscula.
1757 5456 1817 5512 Nos
1834 5450 1966 5519 inscriptis

329 5562 414 5619 Tenui
425 5571 522 5633 pauper
531 5550 648 5638 inpeniu.
666 5545 735 5602 Pitlr.
752 5543 836 5599 terraia
849 5554 947 5614 pauper
960 5534 1071 5608 ingenii.
1146 5529 1223 5613 libris
1234 5541 1263 5585 ιι
1277 5529 1354 5600 plura
1369 5526 1432 5582 talia
1447 5538 1593 5594 superesse
1614 5527 1783 5587 norimus.
1804 5535 1836 5584 et
1856 5525 1900 5583 rel
1913 5532 1965 5577 ura·

331 5632 491 5688 Immensum
503 5626 567 5680 miln
594 5620 689 5676 aridas.
702 5616 775 5671 Pitb.
792 5615 897 5668 omittit
906 5609 982 5664 milri.
1146 5616 1222 5657 nrum
1243 5603 1302 5657 luco
1322 5611 1456 5672 ponamus
1480 5597 1706 5654 commentar-ia
1724 5600 1755 5656 in
1771 5598 1902 5656 Psalmas
1920 5596 1967 5649 lr-

330 5703 420 5758 nram
443 5698 527 5754 Musis
550 5641 597 5748 ciffi
616 5687 788 5763 familiaribus
810 5688 875 5740 naec
903 5696 989 5736 uaeas.
1020 5676 1092 5735 Pitir.
1147 5670 1453 5743 nebiialicujus,aetate
1472 5677 1547 5723 certe
1565 5663 1698 5725 minime
1716 5671 1893 5728 rezentiuris
1916 5661 1965 5720 istis

297 5773 391 5836 fleca
405 5768 489 5825 Musis
501 5765 549 5821 tibi
563 5758 737 5837 familiaribus
747 5756 850 5811 iaudat.
1148 5744 1202 5803 bue
1216 5743 1322 5815 pusilis,
1335 5743 1441 5799 titulum
1455 5737 1649 5813 praeferentia,
1662 5752 1727 5799 ete.
1757 5762 1769 5799 s
