4150 6167
280 153 334 212 807

278 265 465 336 ltiparumque
486 268 571 329 toros,
593 271 621 318 et
637 267 712 333 prata
727 262 848 318 recentia
862 262 927 317 siris

279 355 452 427 incolimus),
464 372 525 427 qum
539 363 615 412 tanta
629 354 728 412 anintis
741 356 849 427 ignaria
865 357 963 412 renis?

281 455 371 506 Strata
383 447 476 519 jacent
488 449 587 518 passim
601 464 649 503 sna
665 464 781 519 qouque
795 449 845 504 sub
858 449 958 505 arbore
972 463 1060 520 parua,

278 540 381 597 Pocula
395 549 459 596 sunt
472 539 566 610 liquidi
583 539 684 608 lorites,
699 541 821 597 coelcstia
837 540 917 596 dorsa.

281 634 437 692 Attrectare
452 633 539 702 aelus,
553 633 579 690 id
590 635 673 691 rebus
686 633 771 691 deluit
785 650 878 691 tinum.

282 730 349 799 Qrtis
364 729 493 802 prohibet
507 744 604 786 causas
615 731 723 801 penitus
738 737 844 785 tentare
855 729 991 785 latentes?

280 824 358 879 Vana
373 823 642 895 superstitio,rernm
657 837 722 894 pars
732 822 816 879 altera
829 821 954 893 adempta
972 829 1035 888 cst,¹

283 917 428 984 Cotiditi03
444 933 505 975 mea
519 918 542 975 si
558 933 612 973 nou
627 915 703 972 irrita
720 916 792 973 dicta
807 926 933 988 putares,

282 1010 386 1068 ductor
399 1025 447 1067 ero
460 1008 577 1066 audendi
596 1018 702 1065 sacrata
715 1010 853 1066 resoluere
863 1010 936 1078 iura.

282 1103 325 1162 'lu
338 1104 472 1176 conjunx,
487 1104 535 1162 tibi
550 1104 591 1160 las
606 1104 730 1160 animum
744 1112 853 1160 tentare
867 1101 1013 1173 precando.

282 1197 344 1254 Dux
358 1212 409 1271 ego
421 1208 512 1256 vester
527 1212 587 1268 eru,
603 1211 648 1253 stra
661 1197 683 1253 si
696 1195 762 1253 mibi
774 1206 850 1254 certa
864 1196 999 1263 uoluntas,

281 1289 512 1365 Exstruimusque
523 1302 609 1362 toros,
623 1291 941 1365 dapibusqueepnlamnr
952 1288 1061 1361 opimis.

479 1407 536 1464 Ere
554 1408 662 1464 seducta
675 1407 774 1462 seducit
788 1407 883 1462 airam.

318 1502 365 1560 Sic
377 1502 427 1572 ait,
444 1509 472 1559 et
484 1501 557 1558 dicte
568 1501 661 1568 eitius,
674 1500 746 1571 qnod
760 1500 822 1571 lege
838 1507 946 1556 tenctnr

284 1592 440 1666 Snbjieinnt
452 1593 540 1665 epulis
554 1593 625 1649 oculi
637 1592 795 1672 venerabile
811 1593 924 1663 lignum,

280 1687 482 1759 Instituuntqnc
493 1687 590 1760 dapes,
606 1696 785 1759 contactuque
803 1688 892 1744 ornain
906 1687 1021 1744 loedant.

319 1783 461 1854 Praecipue
472 1781 576 1838 insistit
591 1781 661 1852 pesti
675 1781 774 1838 denota
791 1780 900 1848 lutura,

284 1877 452 1947 Miraturque
466 1890 550 1931 noras
564 1875 727 1940 frontosos
744 1888 798 1930 raon
812 1889 861 1929 sna
877 1888 970 1945 poma.

283 1970 372 2026 Causa
383 1968 449 2024 mali
464 1969 544 2038 tanti,
559 1985 667 2025 sttttntto
683 1977 762 2024 tenus
778 1968 865 2039 attigit
879 1983 937 2035 ore,

284 2060 371 2132 llajas
383 2059 481 2116 adorsa
497 2061 584 2126 aclas,
600 2060 788 2130 majoremque
801 2074 864 2115 orsa
881 2060 1013 2115 furorem.

284 2154 343 2211 llcn
354 2154 455 2210 misero
470 2153 591 2225 conjunx
607 2153 696 2208 alienu
709 2169 742 2209 ex
753 2151 852 2208 arbore
862 2166 974 2224 germen

284 2247 395 2319 objicit,
408 2257 488 2318 atque
501 2246 622 2302 anianum
639 2244 728 2301 subita
742 2243 887 2300 dulcedine
900 2243 995 2299 inurit.

358 2363 454 2418 Vident
464 2378 492 2418 se
503 2361 600 2429 nutias,
616 2369 640 2414 ct
654 2358 754 2430 faciunt
778 2358 825 2413 sibi
840 2358 1008 2427 perizomata.

319 2458 456 2517 Continuo
471 2472 540 2514 noia
553 2454 600 2511 lux
616 2453 703 2510 oculis
718 2453 835 2518 ellalsit;
851 2462 878 2506 at
894 2449 932 2507 illi

284 2550 435 2609 Tenentur
448 2550 509 2607 risa
522 2547 624 2617 subite,
637 2562 687 2604 nec
698 2547 776 2618 plura
790 2545 899 2613 morati,

284 2647 405 2722 Corpora
420 2647 471 2706 sub
486 2646 571 2704 rantis
586 2646 696 2718 objecta
711 2644 817 2702 lrondis
827 2643 995 2711 inumbrant,

284 2742 448 2799 consertum
463 2749 583 2813 tegmen,
598 2754 650 2796 nee
662 2753 726 2811 spes
736 2737 796 2809 opis
808 2736 863 2794 nlla
874 2736 998 2793 dabatur.

285 2834 322 2892 At
333 2850 389 2891 nou
403 2834 461 2892 ltaec
474 2834 559 2890 nullis
572 2833 713 2890 ltuminnm
729 2831 819 2900 Sator,
835 2841 919 2902 atque
933 2830 1047 2886 deorum

284 2927 441 2986 Dbsersans
451 2927 547 2995 acidis,
562 2926 651 2984 cedes
664 2934 692 2983 ct
707 2926 776 2982 lacta
792 2923 900 2998 tyranni

871 145 951 205 llilL.
972 138 1160 205 FALTDNlAE
1181 139 1307 200 enesAE
1862 131 1907 190 tte

1093 258 1178 320 Allia
1195 260 1272 314 dolos
1286 256 1430 326 dirunrpre
1444 254 1519 310 aclas
1534 252 1585 308 sub
1602 259 1712 324 pectore
1727 264 1852 318 versans,

1134 356 1273 411 insonnem
1290 353 1399 410 inlando
1411 350 1521 419 indit-io,
1537 349 1669 407 moritura
1685 349 1776 421 puella

1133 450 1201 505 Dum
1215 449 1290 514 luris,
1303 449 1440 504 incautum
1454 445 1559 502 crudeli
1570 455 1658 501 morte
1676 443 1803 515 peremit.

1132 543 1221 600 Suasit
1232 543 1317 606 enim,
1329 542 1383 597 scis
1398 542 1467 611 ipse,
1481 553 1532 596 nec
1544 549 1586 595 cst
1600 546 1627 594 te
1637 537 1733 593 lallere
1743 536 1860 607 cuiqnam
1874 579 1881 605 ‚

1132 640 1168 698 Ut
1182 639 1248 706 ridi,
1260 649 1290 695 nt
1304 637 1390 709 perii,
1405 643 1435 692 ut
1449 650 1491 692 me
1506 634 1594 691 rnalus
1605 631 1717 689 abstulit
1730 647 1819 695 error,

1132 731 1356 805 contigimusque
1371 745 1453 787 manu
1464 727 1535 800 quod
1547 742 1600 783 non
1612 741 1661 782 sua
1671 725 1788 783 seminat
1801 723 1882 782 urbes.
1910 723 1913 728 ’

1373 843 1544 900 Maledictum
1555 840 1685 914 serpenti.

1073 971 1076 978 '
1169 969 1246 1026 Tunc
1260 968 1341 1025 Pater
1356 965 1531 1039 omnipotens
1546 964 1614 1021 solio
1628 964 1669 1020 sic
1682 962 1741 1019 iniit
1755 961 1790 1018 ab
1801 962 1851 1018 alto
1865 977 1872 1018 :

1133 1062 1257 1134 Accipite
1271 1076 1347 1133 ergo,
1358 1058 1458 1116 animis
1470 1070 1552 1130 atque
1564 1057 1623 1113 lraec
1637 1072 1697 1113 mea
1710 1055 1784 1127 ligite
1796 1056 1861 1113 dicta
1875 1070 1883 1120 ;

1133 1154 1228 1225 anae
1239 1153 1325 1226 prior,
1337 1151 1443 1208 scelere
1457 1162 1520 1208 ante
1531 1150 1599 1207 alios
1613 1147 1759 1206 immanior
1770 1163 1868 1218 omne,

1133 1247 1219 1316 Quem
1236 1262 1287 1303 nec
1300 1247 1380 1319 longa
1395 1246 1464 1312 dics,
1479 1245 1568 1317 pietas
1582 1259 1633 1301 nec
1648 1244 1753 1315 mitigat
1772 1244 1838 1311 ulla,

1134 1339 1408 1397 llortntorscclcrum
1419 1338 1543 1406 coluber,
1560 1337 1629 1393 arula
1644 1337 1767 1409 gramina
1782 1350 1872 1407 pasces

1135 1434 1255 1502 Desidia,
1271 1434 1407 1505 latamque
1422 1432 1534 1490 trabeas
1548 1430 1680 1503 inglorius
1694 1431 1796 1488 alnum.

1134 1525 1205 1584 Cede
1221 1525 1299 1593 loeis,
1317 1525 1399 1581 nullis
1409 1512 1551 1582 benriuum
1566 1524 1740 1596 cogentibus,
1754 1524 1812 1595 ipsc

1097 1645 1122 1707 B
1137 1617 1236 1675 Tentis
1248 1617 1294 1674 ubi
1305 1617 1410 1690 argilla,
1425 1624 1454 1673 οι
1468 1616 1591 1673 dumosis
1604 1614 1725 1672 calculus
1738 1615 1820 1671 arvis.

1391 1730 1562 1788 Maledictum
1574 1730 1669 1787 Adanu.

1170 1850 1205 1906 llt
1220 1847 1266 1904 tibi
1282 1862 1329 1919 pro
1343 1846 1446 1903 scelere
1460 1844 1637 1918 (exclamat),
1651 1859 1701 1916 pro
1713 1845 1811 1901 talibus
1824 1843 1901 1912 ausis,

1134 1945 1220 2001 Omne
1229 1959 1315 2001 :enum
1334 1942 1408 1998 lerro
1433 1941 1540 2009 teritur,
1553 1938 1709 2012 primusque
1719 1955 1767 2011 per
1777 1948 1860 1995 artem
1888 1959 1890 1962 ·

1135 2039 1215 2109 (lieu,
1231 2036 1387 2094 miserande
1400 2051 1467 2106 puer
1480 2033 1501 2107 l)
1516 2044 1616 2089 terram
1628 2032 1799 2090 insectabere
1812 2032 1911 2099 rastris.

1138 2131 1173 2187 Et
1187 2133 1277 2187 sonitu
1291 2129 1407 2186 terrebis
1419 2142 1501 2184 aues:
1520 2125 1643 2182 horrebit
1657 2125 1684 2180 in
1695 2125 1767 2181 arvis

1133 2227 1267 2296 Carrinas,
1280 2234 1308 2281 et
1320 2225 1406 2295 spinis
1421 2233 1516 2294 surget
1536 2222 1657 2294 paliurus
1671 2221 1769 2286 acutis,

1135 2318 1300 2391 Lappa-qne,
1314 2317 1469 2388 tribulique,
1481 2324 1510 2372 ct
1522 2314 1603 2370 lallax
1615 2312 1699 2370 berbu
1715 2313 1825 2378 seneni3

1135 2414 1171 2468 dt
1184 2412 1207 2467 si
1223 2411 1358 2466 triticeam
1370 2409 1399 2465 in
1417 2423 1545 2470 messem,
1561 2406 1726 2477 robustaque
1739 2404 1810 2460 tarra

1135 2505 1282 2562 Exercebis
1298 2503 1422 2570 lsuntnm,
1436 2503 1535 2559 frustra
1546 2501 1721 2572 exspectabis
1738 2515 1874 2566 acervum,

1135 2596 1329 2669 concussaque
1344 2597 1444 2652 latitem
1458 2595 1485 2649 in
1502 2595 1578 2650 silvis
1591 2592 1717 2651 solabere
1728 2607 1839 2665 quercu.

1137 2692 1251 2763 insuper
1265 2692 1308 2747 bis
1319 2691 1437 2747 subeunt
1447 2688 1548 2756 morbi,
1564 2688 1706 2759 tristisque
1720 2697 1858 2757 senectus,

1136 2783 1269 2853 dilabor,
1285 2783 1391 2841 etdirae
1404 2781 1475 2854 rapit
1490 2781 1664 2837 inclementia
1683 2781 1791 2838 mertis.

1400 2903 1675 2962 Maledictuarlt'aam.

288 3021 446 3090 Prusensit,
463 3032 613 3092 notumque
627 3020 722 3077 lurens
734 3018 797 3091 quid
815 3018 915 3074 lentina
930 3016 1028 3089 possit.
1096 3041 1118 3105 C
1173 3019 1289 3077 lircctibi
1298 3034 1408 3093 semper
1417 3029 1508 3088 eruat,
1519 3027 1613 3092 toque,
1626 3018 1797 3076 osaevlssima
1804 3017 1927 3088 conjunx,

284 3116 421 3172 Continuo
435 3114 555 3170 invadit:
569 3114 683 3180 Procnl,
699 3128 716 3170 o
730 3114 825 3185 procul
838 3122 908 3183 este,
924 3113 1041 3183 proianl,

284 3204 455 3274 Cortclarnat,
471 3206 570 3263 ecclam
585 3214 713 3262 aeterras
725 3207 771 3277 qni
786 3206 899 3263 nomine
910 3204 1009 3261 llrmat.

537 3322 623 3379 aldam
643 3323 779 3379 abscondit
795 3341 831 3380 se.

321 3440 411 3510 Atque
426 3434 467 3495 illi
479 3437 558 3511 lunge
572 3438 740 3510 gradientem
756 3446 783 3496 et
796 3437 855 3494 dira
866 3438 1031 3496 trementem

285 3529 324 3589 Ut
337 3530 440 3601 ridere,
458 3541 532 3589 metu
549 3527 621 3588 versi
641 3538 769 3603 retroque
788 3538 899 3588 ruentes

286 3623 447 3696 Diffugiunt,
464 3624 601 3697 sttrasqoe
616 3633 644 3681 οι
665 3624 752 3681 sicubi
767 3638 886 3680 concana
901 3622 993 3681 lurtim

285 3717 356 3776 Saxa
370 3725 476 3791 petunt,
491 3717 688 3791 pigetineepti,
703 3717 846 3789 lucemque
859 3732 909 3775 aec
922 3732 1003 3774 auras

284 3810 454 3886 Respiciunt,
470 3812 552 3871 tedet
565 3812 627 3870 cccli
641 3828 762 3870 contero
781 3815 862 3870 tucri.

496 3927 512 3984 1
514 3936 620 4000 nerepat
635 3927 720 3984 ddunt
732 3927 871 3983 Dratinus.

320 4044 376 4103 Nec
387 4044 498 4118 longum
511 4043 538 4101 in
554 4042 645 4102 medio
656 4052 774 4114 tempus,
785 4057 847 4098 eum
856 4042 992 4101 creberad
1003 4057 1083 4099 aures

287 4136 368 4196 lllsm
382 4138 479 4196 adesse
489 4135 588 4210 pedum
604 4137 720 4206 sonitus,
730 4134 1082 4209 Genitorqueperumbram

286 4229 398 4288 Talibus
412 4229 509 4287 edatur
521 4230 613 4297 dictis,
624 4238 706 4301 atquc
722 4228 843 4300 increpat
853 4230 925 4286 ultro
940 4246 949 4286 s

285 4323 394 4396 lulelix,
407 4341 467 4396 qua
479 4333 553 4381 taum
566 4326 688 4382 animum
704 4323 841 4382 dementia
853 4323 947 4396 cepit?

283 4418 352 4489 Quis
361 4418 437 4476 loror
451 4417 497 4475 ille
508 4418 608 4475 ssorusl
618 4432 672 4491 quo
681 4432 765 4486 aune,
775 4431 829 4489 qno
840 4415 1080 4488 tenditistinquit.
1096 4438 1123 4500 1)

284 4508 441 4582 Regnorum
452 4509 641 4578 immemores,
656 4525 718 4581 quc
729 4519 847 4567 mentem
861 4509 966 4567 insania
981 4511 1082 4566 mutati

283 4601 382 4676 Dicite,
397 4618 460 4674 quac
473 4603 542 4661 lucis
556 4602 664 4660 miseris
678 4609 732 4656 tam
747 4602 805 4657 dira
817 4601 939 4673 cupido?

283 4694 417 4752 blaterate
428 4696 531 4767 lugam,
547 4703 662 4766 totoque
671 4693 795 4750 absistite
807 4693 880 4760 luco,

283 4784 483 4844 Necrerucarc
493 4788 616 4859 gradum,
631 4786 655 4842 si
670 4785 780 4858 qnando
792 4785 910 4843 adressa
924 4786 1064 4857 vocarint,

284 4878 449 4937 Estlicitum
465 4895 473 4933 r
489 4877 606 4936 dammis
617 4878 702 4934 ambit
715 4878 880 4935 torrentibus
890 4876 978 4935 amnis

283 4972 338 5032 Per
351 4974 471 5032 medium
486 4972 617 5040 stridens,
635 4981 795 5045 torquetque
807 4975 931 5029 sonantia
942 4988 1017 5029 saxa.

284 5068 447 5142 Attollitque
461 5066 557 5140 globos
571 5068 753 5135 llammarum,
767 5075 794 5123 et
808 5065 897 5124 sideru
913 5066 1018 5124 lambit.

554 5182 642 5238 aldam
652 5197 680 5237 ss
693 5190 810 5238 excusat.

319 5300 368 5359 llle
383 5298 434 5357 snb
448 5298 508 5356 liae
524 5314 531 5353 τ
548 5298 606 5354 Tua
619 5312 673 5364 me,
683 5297 800 5368 genitor,
813 5305 858 5352 tna
874 5296 960 5353 tristis
975 5296 1064 5369 intingo

283 5393 334 5452 llis
347 5408 463 5467 posuere
472 5392 554 5460 loeis,
569 5390 666 5458 merui,
680 5405 730 5446 nec
744 5388 886 5461 deprecor,
900 5389 997 5460 inquit,

282 5486 475 5559 Omnipotens,
487 5486 659 5556 sonitumque
670 5482 781 5554 pedum,
795 5497 944 5554 vocemque
955 5481 1083 5539 tremisco

284 5581 417 5639 Conscius
432 5580 542 5638 audacis
557 5580 634 5646 lacti,
653 5578 802 5651 nronitique
815 5579 930 5636 sinistri.

284 5671 398 5733 Femina
410 5673 463 5732 lert
476 5675 568 5731 tristes
581 5687 688 5743 suecos,
705 5673 866 5746 tardumque
887 5687 1024 5746 saporem

1134 3111 1193 3168 Non
1205 3112 1298 3184 ignara
1312 3111 1388 3180 mali,
1403 3121 1486 3183 eaput
1501 3112 1598 3167 borum
1612 3120 1641 3167 et
1653 3126 1736 3168 censa
1751 3110 1894 3178 malorum,

1136 3206 1230 3278 lllagna
1245 3206 1303 3263 lues
1314 3206 1459 3262 commissa
1476 3206 1524 3262 tibi
1539 3224 1546 3260 ε
1563 3204 1616 3262 lreu
1629 3205 1735 3277 perdita
1750 3206 1849 3272 nescis,

1135 3299 1193 3357 Nec
1206 3315 1267 3370 quse
1280 3300 1457 3356 circumstant
1471 3307 1497 3354 te.
1510 3298 1609 3355 deinde
1623 3297 1744 3369 pericula
1759 3297 1856 3353 cernis.

1135 3393 1212 3449 Nunc
1224 3408 1342 3462 nrorcre,
1359 3393 1500 3450 almerita
1515 3406 1554 3462 es,
1570 3391 1642 3463 quod
1658 3398 1714 3447 totu
1729 3397 1820 3447 mente
1830 3386 1928 3461 petisti.

1135 3486 1190 3544 llec
1204 3503 1263 3545 toea
1274 3487 1331 3559 jam
1346 3495 1448 3543 niutats
1464 3486 1523 3543 loco
1537 3488 1674 3542 sentientia
1687 3483 1771 3542 cedit.

1264 3602 1397 3673 Expulsus
1410 3602 1495 3659 ddum
1508 3613 1531 3659 et
1543 3602 1626 3659 lt‘uam
1640 3619 1654 3657 c
1668 3602 1800 3673 paradiso.

1171 3720 1206 3775 At
1216 3718 1347 3791 juvenem
1360 3718 1476 3790 primum
1490 3733 1579 3774 sacrus
1597 3717 1777 3774 circumstetit
1788 3715 1898 3784 homor,

1135 3813 1276 3885 Diriguere
1286 3811 1368 3880 oculi,
1383 3826 1434 3868 nec
1444 3825 1475 3868 se
1488 3810 1577 3868 celare
1587 3810 1712 3868 tenebris

1135 3907 1269 3977 amptius,
1283 3913 1330 3961 aut
1345 3913 1422 3961 notas
1437 3904 1532 3961 andire
1546 3913 1574 3960 ct
1587 3902 1703 3960 reddere
1717 3917 1809 3961 aucus

1135 3998 1212 4056 lland
1226 4013 1314 4066 mora,
1330 3996 1469 4065 lestittunt,
1483 3996 1584 4069 rapidis
1598 3995 1718 4066 iussique
1729 3994 1849 4051 teruntur

1136 4091 1273 4160 Dassibus,
1290 4100 1318 4148 et
1329 4090 1431 4163 pariter
1443 4090 1531 4162 gressi
1544 4102 1689 4160 peropaca
1704 4088 1808 4144 riarum

1134 4186 1422 4258 Corripiuntspatiura
1434 4184 1553 4242 medium
1573 4185 1711 4256 limenque
1726 4183 1882 4252 relinquunt

1135 4280 1256 4348 Flentes,
1269 4290 1297 4336 et
1310 4279 1421 4352 paribus
1432 4278 1504 4335 euris
1519 4279 1633 4350 vestigia
1650 4279 1745 4350 ligurit.

1137 4373 1205 4429 Tum
1216 4374 1317 4430 victura
1332 4373 1359 4428 in
1370 4372 1448 4430 silvis
1458 4372 1567 4440 baccas
1579 4370 1754 4443 lapidosaque
1769 4385 1852 4426 corna

1137 4465 1208 4523 Dant
1223 4465 1303 4533 rami,
1317 4473 1345 4523 et
1360 4464 1445 4521 uulsis
1458 4472 1572 4536 pascum
1584 4463 1721 4520 radicibus
1731 4462 1831 4519 berbu.

1333 4578 1414 4634 tinam
1428 4579 1557 4651 peperisse
1572 4577 1637 4633 duos
1650 4577 1729 4647 filios.

1172 4697 1279 4754 interea
1294 4711 1421 4769 magnum
1435 4696 1476 4751 sul
1491 4693 1713 4752 circumvolvitur
1731 4708 1840 4761 aarum,

1136 4793 1214 4850 Matri
1227 4793 1306 4863 longa
1319 4791 1412 4849 decem
1426 4791 1547 4848 tulerant
1562 4789 1668 4846 fastidia
1690 4804 1807 4858 menses,

1136 4883 1214 4954 Uinde
1228 4883 1354 4941 nomines
1364 4884 1431 4952 nati,
1444 4881 1540 4938 dorum
1552 4896 1649 4954 gertus,
1667 4881 1733 4939 inde
1748 4896 1795 4953 per
1807 4889 1901 4935 artem

1136 4976 1212 5032 llatrd
1225 4976 1319 5033 berbse
1330 4991 1426 5048 campo
1439 4987 1582 5048 apparent,
1598 4974 1670 5031 ltand
1684 4975 1781 5033 arbore
1791 4972 1921 5040 nausees,

1136 5073 1220 5145 laque
1233 5086 1318 5129 nores
1332 5072 1405 5129 seles
1419 5071 1521 5129 audent
1533 5088 1564 5128 se
1577 5070 1701 5145 gramina
1716 5079 1771 5128 tuto

1135 5164 1267 5231 Credere.
1277 5175 1305 5222 ct
1317 5165 1343 5221 in
1359 5164 1441 5222 lentis
1457 5179 1535 5221 uram
1551 5166 1696 5223 demittere
1708 5164 1789 5221 rantis

1136 5256 1296 5326 instituant,
1312 5256 1420 5330 udoque
1433 5257 1534 5315 doceat
1548 5258 1700 5316 inolescere
1714 5272 1804 5315 succo.

1364 5373 1428 5430 atet
1442 5391 1457 5429 n
1473 5379 1554 5447 fratre
1569 5375 1705 5431 occiditur.

1170 5488 1248 5546 Tunc
1257 5488 1359 5562 gemini
1374 5490 1472 5546 tratres
1484 5488 1595 5546 adolent
1608 5487 1779 5563 dumaltaria
1791 5486 1888 5556 tedis,

1134 5579 1211 5638 Alter
1222 5590 1250 5638 et
1260 5581 1372 5638 alterins
1384 5581 1502 5654 praelato
1518 5582 1614 5638 inridit
1628 5581 1736 5651 bonosi,

1133 5670 1279 5745 (tlorresco
1291 5673 1426 5747 reterens)
1438 5672 1675 5748 consanguinitate
1688 5673 1888 5748 propinquant
