4150 6167
595 213 704 277 919
1979 211 2161 272 nssctt

1179 332 1506 393 EPlSTOLA
1544 334 1654 394 Vll.

669 431 934 485 Ausonius
959 426 1189 491 Tnaoxn.
1218 444 1337 484 cum
1357 431 1404 482 ei
1421 428 1640 500 triqinta
1662 436 1855 493 ostrea,
1894 427 2118 501 grundio

918 500 1150 570 quidem,
1173 500 1264 555 sed
1291 510 1397 555 tunt
1421 515 1594 571 pauca
1617 500 1860 555 utisiuet.

596 614 788 669 Ostrea
828 613 1045 670 Baianis
1065 612 1355 679 certantia,
1384 629 1505 683 qum
1530 612 1868 670 Medulorum

596 705 854 761 Dulcibus
885 704 940 761 in
963 705 1168 776 stagnis
1194 703 1347 762 reflui
1381 706 1548 762 maris
1577 715 1748 762 aestus
1777 705 2007 776 opimat,

586 798 815 867 Accepi,
844 796 1050 854 dilecte
1076 797 1289 864 Theon,
1327 797 1669 854 numerabile
1699 812 1917 854 munus.

595 887 798 944 Verum
840 897 971 961 quot
1025 887 1250 956 sinerint,
1286 890 1533 962 subjecta
1573 890 1919 946 monosticha
1947 889 2185 963 signant.

595 980 743 1046 Quot
768 989 854 1037 ter
889 980 1128 1038 luctatus
1155 997 1278 1039 cum
1307 983 1509 1053 pollice
1536 990 1814 1053 computat
1846 982 2032 1041 iudex.

592 1072 878 1142 Geryones
903 1082 1039 1145 quot
1066 1084 1249 1143 erant,
1276 1075 1463 1132 decies
1492 1076 1537 1134 si
1566 1075 2019 1148 multiplicentur.

592 1164 703 1221 Ter
732 1174 864 1236 quot
890 1174 1050 1221 crant
1074 1165 1295 1240 Phrygii
1318 1175 1607 1223 numerata
1626 1167 1889 1223 decennia
1920 1166 2072 1223 belli.

592 1256 702 1312 Aut
731 1266 814 1313 ter
843 1267 901 1314 ut
939 1258 1143 1315 AEolidi
1170 1259 1374 1316 mensis
1408 1269 1558 1317 tenet
1584 1260 1887 1332 ignicomus
1909 1260 2028 1318 Sol.

593 1348 867 1404 Cornibus
897 1364 925 1403 a
975 1349 1164 1418 primis
1190 1360 1326 1423 quot
1356 1351 1522 1408 habet
1546 1366 1679 1424 vaga
1704 1351 1940 1425 Cynthia
1971 1363 2182 1410 noctes.

591 1440 823 1512 Singula
853 1442 1132 1514 percurrit
1154 1442 1317 1500 Titan
1346 1455 1477 1516 quot
1499 1445 1651 1516 signa
1683 1446 1901 1501 diebus.

591 1534 844 1607 Quotque
871 1537 1032 1593 annis
1061 1537 1313 1595 sublimis
1336 1539 1446 1609 agit
1468 1552 1568 1594 sua
1593 1538 1779 1595 secula
1811 1538 2076 1595 beenon.

587 1629 732 1695 Quot
776 1644 1066 1686 numerum
1113 1646 1384 1687 annorum
1417 1630 1654 1687 Vestalis
1697 1631 1852 1705 virgo
1881 1630 2177 1699 ministrat,

596 1720 1017 1793 Dardaniusque
1041 1737 1211 1793 nepos
1240 1739 1406 1795 regno
1436 1732 1572 1795 quot
1601 1722 1832 1794 protulit
1859 1737 2051 1780 annos.

590 1811 882 1869 Priamidas
906 1823 1041 1884 quot
1061 1823 1240 1883 erant,
1264 1816 1310 1871 si
1342 1815 1424 1869 bis
1447 1815 1572 1870 deni
1601 1814 1969 1871 retrahantur.

594 1901 795 1975 Bisque
832 1903 980 1961 viros
1011 1919 1289 1972 numeres,
1317 1904 1411 1976 qui
1441 1904 1549 1961 sata
1576 1904 1907 1976 Amphrysia
1933 1913 2183 1962 servant.

588 1994 729 2064 Quot
749 1996 937 2067 genuit
963 1995 1103 2053 fetus
1125 1997 1331 2055 Albana
1355 1997 1458 2055 sub
1480 1996 1696 2055 ilicibus
1721 2013 1833 2056 sus.

591 2084 658 2139 Et
678 2093 814 2157 quot
842 2096 973 2144 sunt
994 2102 1170 2156 asses,
1199 2089 1287 2145 ubi
1319 2090 1614 2160 nonaginta
1646 2090 1892 2147 trientes.

592 2179 691 2237 Vel
718 2191 854 2253 quot
876 2182 1039 2241 babet
1067 2192 1266 2240 unctos
1289 2183 1545 2240 Vasatica
1575 2183 1746 2240 rheda
1777 2182 2038 2241 caballos.

736 2272 890 2340 Quod
920 2275 965 2329 si
999 2275 1200 2348 figuras
1229 2274 1428 2332 sabulis
1454 2274 1826 2344 adumbratas,

736 2363 1143 2435 Numerumque
1168 2364 1344 2423 doctis
1374 2366 1676 2423 involutum
1708 2366 2028 2440 ambagibus

707 2457 956 2530 ’ignorat
976 2458 1090 2515 alto
1121 2474 1277 2516 mens
1306 2460 1471 2517 obesa
1496 2461 1706 2519 viscere
1743 2479 1755 2515 :

730 2553 1035 2611 Numerare
1056 2555 1239 2611 saltim
1264 2570 1417 2611 more
1438 2554 1584 2628 vulgi
1610 2565 1665 2611 ut
1700 2556 1943 2612 noveris.

732 2648 791 2703 ln
823 2663 886 2704 se
913 2657 1156 2706 retortas
1177 2648 1470 2716 explicabo
1501 2650 1822 2706 summulas.

656 2740 768 2795 Tcr
794 2740 988 2807 denas,
1024 2752 1178 2812 puto,
1211 2741 1613 2813 quinquiesque
1635 2758 1815 2800 senas.

653 2830 755 2888 Vel
775 2832 860 2886 bis
887 2834 1154 2905 quinque,
1187 2834 1407 2903 debinc,
1439 2833 1629 2892 decem
1651 2835 1971 2907 decemque.

655 2923 753 2980 Vel
780 2937 943 2981 senas
964 2935 1185 2997 quater,
1214 2935 1271 2982 et
1300 2927 1381 2982 bis
1406 2926 1548 2983 adde
1574 2935 1775 2982 ternas.

653 3015 925 3085 Septeuas
946 3026 1164 3088 quater,
1195 3015 1336 3073 adde
1358 3032 1517 3072 unam
1547 3026 1602 3073 et
1635 3032 1822 3073 unam.

652 3108 767 3163 Duc
794 3107 950 3162 binas
977 3107 1186 3173 decies,
1210 3109 1490 3179 semelque
1518 3110 1707 3165 denas.

649 3200 761 3254 Aut
782 3206 869 3254 ter
894 3207 1131 3268 quatuor
1155 3196 1297 3254 adde
1326 3197 1411 3254 bis
1433 3201 1680 3254 novenis.

647 3288 886 3345 Octonas
909 3299 1123 3360 quater,
1151 3288 1278 3344 binc
1307 3289 1430 3345 dum
1457 3289 1735 3346 recedant.

647 3379 816 3436 Binas
839 3380 1129 3447 terdecies,
1162 3381 1333 3438 semel
1363 3389 1683 3453 quaternas.

643 3476 715 3533 Et
740 3490 838 3532 sex
870 3474 1010 3531 adde
1040 3490 1235 3533 novem
1264 3476 1352 3533 vel
1380 3485 1508 3532 octo
1537 3484 1773 3545 septem.

642 3574 754 3628 Aut
781 3581 994 3643 septem
1021 3570 1258 3642 geminis
1289 3567 1372 3626 bis
1402 3578 1529 3625 octo
1553 3569 1740 3638 iunge.

640 3664 753 3721 Aut
782 3679 850 3721 ne
876 3663 979 3719 sim
1012 3664 1110 3720 tibi
1139 3662 1390 3734 pluribus
1422 3663 1686 3719 molestus
1711 3705 1727 3731 ,

639 3759 888 3832 Triginta
915 3773 1146 3816 numero
1171 3757 1328 3814 fuere
1356 3767 1590 3814 cunctae.

562 3852 800 3909 Junctus
828 3850 1084 3907 limicolis
1109 3849 1391 3906 musculus
1421 3849 1627 3906 ostreis

566 3951 763 4007 Primo.
777 3947 1092 4018 composuit
1122 3945 1331 4003 fercula
1365 3944 1614 4015 prandio,

561 4042 764 4101 Gratus
793 4039 1009 4098 deliciis
1039 4036 1300 4097 nobilium
1331 4036 1510 4106 cibus,

563 4135 630 4191 Et
658 4144 878 4206 sumptu
907 4131 1156 4189 modicus
1186 4130 1523 4203 pauperibus
1549 4128 1710 4188 focis.

557 4228 676 4286 Non
709 4227 800 4284 liic
829 4225 1117 4298 navifrago
1142 4224 1407 4298 quaerilur
1435 4236 1681 4295 aequore,

556 4322 627 4380 Ut
655 4309 889 4379 crescat‘
904 4321 1142 4391 pretium
1168 4316 1376 4391 grande
1404 4314 1664 4386 perieulis
1689 4335 1701 4369 :

550 4415 661 4475 Sed
695 4416 942 4489 primore
970 4412 1138 4478 vado,
1166 4419 1291 4485 pust
1319 4410 1570 4483 relugum
1601 4424 1776 4476 mare,

549 4508 759 4580 Algoso
788 4506 992 4578 legitur
1021 4504 1205 4560 littore
1222 4504 1505 4560 concolor.

547 4601 682 4658 Nam
709 4612 864 4659 testae
892 4599 1132 4673 duplicis
1159 4597 1413 4655 conditur
1440 4597 1494 4652 in
1524 4610 1715 4668 specu,

543 4695 680 4766 Qum
710 4693 975 4752 ferventis
1003 4706 1160 4764 aquze
1187 4690 1295 4746 fota
1326 4689 1643 4759 vaporibus,

540 4788 779 4846 Carnem
815 4785 1035 4844 lacteoli
1067 4783 1292 4842 visceris
1319 4782 1545 4839 indicat.

613 4882 719 4943 Sed
751 4882 1018 4938 damnosa
1053 4878 1218 4935 nimis
1243 4877 1506 4948 panditur
1533 4889 1684 4932 area.

534 4975 646 5034 Fac
674 4987 930 5046 campum
963 4969 1202 5042 replices
1234 4970 1385 5026 Musa
1410 4969 1695 5043 papyrium
1721 4985 1736 5025 ε

530 5069 644 5127 Nec
668 5068 788 5141 Jam
821 5062 1098 5137 lissipedis
1130 5076 1228 5136 per
1255 5061 1452 5119 calami
1488 5066 1605 5118 vias

526 5162 830 5220 Grassetur
852 5157 1066 5217 Cnidia
1094 5157 1285 5214 sulcus
1314 5155 1624 5217 arundinis,

523 5255 766 5330 Fingens
796 5252 1024 5311 aridulae
1048 5248 1265 5308 subdita
1297 5248 1530 5322 pagium,

520 5348 718 5409 Cadmi
749 5345 936 5406 liliolis
961 5342 1376 5402 atricoloribus.

518 5441 632 5502 Aut
659 5440 878 5500 cunctis
909 5437 1120 5512 pariter
1149 5433 1411 5495 versibus
1437 5432 1650 5491 oblinat

513 5532 753 5592 Furram
784 5532 1076 5592 lacticolor
1105 5531 1338 5605 spongia
1363 5527 1598 5601 sepiam.

584 5627 889 5687 Pareamus
911 5625 1049 5685 vitio
1069 5625 1420 5684 Dumnotinae
1436 5624 1635 5681 domus
1660 5639 1676 5680 ε

501 5716 590 5778 '¹¹⁴³
617 5718 691 5775 alt
714 5718 909 5779 charta
942 5718 1075 5775 milii
1109 5717 1291 5775 carior
1320 5715 1547 5774 ostreis.

2205 211 2475 273 Atlsortn

2215 335 2269 395 Λ

2791 331 3135 392 Erts‘rom
3186 328 3318 388 vill.

2434 425 2708 484 Ausonius
2753 427 2893 483 Axio
2931 424 3120 481 Pauuo
3173 436 3407 497 atterum
3454 421 3714 481 Saturna.

2293 539 2536 597 Tandem
2568 539 2795 597 eluctati
2819 538 3126 596 retinacula
3158 535 3355 593 blanda
3385 550 3676 607 morarum,

2364 633 2673 707 Burdigalae
2700 632 2897 690 molles
2924 632 3187 703 liquimus
3214 628 3533 699 illecebras,

2292 725 2760 799 Santonicamque
2786 725 2980 781 urbem
3010 723 3195 780 ricino
3230 722 3565 780 accessimus
3592 738 3723 796 agro.

2361 819 2520 888 Quod
2553 819 2649 877 tibi
2677 820 2727 877 si
2754 829 2970 892 gratum
2999 828 3105 888 est,
3136 819 3345 889 optime
3375 816 3563 884 Paule,
3599 820 3759 889 proba.

2291 911 2639 983 cornipedes
2673 912 2887 983 rapiant
2919 910 3157 981 imposta
3185 909 3422 982 petorita
3449 909 3638 966 mulas:

2367 1004 2469 1061 Vel
2496 1003 2636 1062 cisio
2667 1003 2849 1076 triJ‘ugi
2871 1046 2887 1072 ,
2916 1002 2962 1059 si
2993 1002 3188 1075 placet,
3224 1001 3472 1059 insilias:

2291 1096 2391 1156 Vel
2422 1097 2666 1155 celerem
2709 1112 3005 1163 mannum,
3051 1098 3134 1154 vel
3184 1104 3406 1168 ruptum
3445 1106 3596 1170 terga
3624 1102 3836 1159 vereduni

2360 1186 2743 1257 conscendas,
2780 1203 3014 1259 propere
3040 1186 3339 1245 dummodo
3360 1188 3474 1259 jam
3506 1189 3703 1246 venias.

2289 1280 2552 1337 Instantis
2578 1290 2842 1337 revocant
2866 1283 2995 1353 quia
3023 1296 3123 1337 uos
3146 1280 3415 1337 solemnia
3445 1279 3697 1338 Pascbae:

2361 1371 2557 1429 Libera
2584 1387 2688 1429 nee
2715 1373 2872 1431 nobis
2896 1383 2981 1430 est
3007 1389 3158 1431 mora
3178 1372 3425 1431 desidie.

2290 1465 2482 1524 Perfer
2510 1466 2564 1522 in
2594 1480 2831 1522 excursu
2862 1467 2951 1523 vel
2983 1466 3192 1539 terjuga
3222 1466 3395 1524 millia
3423 1468 3667 1540 epodon,

2368 1559 2464 1615 Vel
2489 1559 2660 1616 salsas
2680 1560 2826 1625 lites,
2858 1575 2998 1632 quas
3023 1561 3209 1617 sellula
3240 1571 3424 1617 vestra
3444 1562 3608 1619 serit.

2294 1651 2588 1709 Nobiscum
2618 1652 2865 1710 invenies
2897 1653 3096 1709 nullas.
3130 1653 3269 1721 Quia
3297 1655 3554 1727 liquimus
3581 1655 3692 1712 istie

2220 1714 2269 1777 B
2362 1745 2642 1818 Nugarum
2675 1755 2899 1804 veteres
2929 1763 3056 1803 cum
3082 1748 3200 1804 sale
3224 1748 3503 1821 reliquias.

2835 1879 3173 1939 EPISTOLA
3219 1881 3312 1940 ΙΧ.

2833 1973 3104 2031 Ausonius
3151 1975 3356 2032 Panno.

2289 2086 2482 2143 Ostrea
2514 2087 2782 2144 nobilium
2810 2089 3009 2158 coeuis,
3033 2100 3362 2161 sumptuque
3394 2099 3648 2163 nepotum

2287 2175 2514 2248 Cognita
2538 2218 2554 2244 ,
2580 2177 2917 2251 diversoque
2948 2180 3117 2236 maris
3145 2177 3366 2237 defensa
3395 2181 3679 2252 profundo,

2288 2270 2399 2323 Aut
2423 2267 2626 2339 refugis
2655 2268 2861 2324 nudata
2892 2269 3068 2338 vadis,
3092 2280 3187 2326 aut
3215 2287 3442 2343 scrupea
3466 2274 3653 2330 subter

2289 2358 2489 2424 Antra,
2522 2369 2578 2416 et
2607 2361 2869 2417 muriceis
2899 2363 3250 2434 scopulorum
3282 2379 3458 2420 mersa
3491 2366 3713 2431 lacunis,

2289 2454 2425 2522 Quae
2451 2449 2643 2511 viridis
2675 2468 2922 2525 musctlS,
2946 2472 3066 2526 qua>
3089 2456 3327 2515 dedecor
3350 2458 3470 2530 alga
3496 2457 3748 2522 recondit.

2288 2548 2420 2616 Quae
2451 2548 2607 2604 testis
2636 2557 2895 2606 concreta
2926 2550 3067 2618 suis,
3097 2565 3199 2608 ceu
3226 2566 3355 2609 saxa
3381 2552 3671 2620 coba-rent,

2287 2638 2420 2708 Quze
2452 2648 2658 2697 mutata
2689 2641 2841 2714 1009,
2874 2642 3058 2714 pingui
3087 2659 3212 2698 mox
3238 2644 3454 2700 condita
3486 2645 3635 2713 limo,

2288 2734 2474 2789 Nutrit
2494 2747 2741 2791 secretus
2762 2735 3041 2792 conclusae
3073 2736 3289 2808 uliginis
3320 2736 3533 2807 bumor,

2286 2824 2624 2883 Enumerare
2652 2826 2841 2896 jubes,
2871 2837 3029 2886 vetus
3059 2845 3093 2886 o
3123 2828 3277 2896 milii,
3303 2829 3486 2896 Paule,
3516 2827 3725 2898 sodalis,

2285 2918 2606 2976 Assueracte
2634 2920 2771 2977 meis
2799 2922 3031 2992 joculari
3060 2924 3302 2978 carmine
3333 2922 3512 2994 ungis,

2289 3010 2619 3083 aggrediar3
2649 3014 2896 3084 quamvis
2920 3029 3108 3069 curam
3142 3029 3250 3071 000
3279 3013 3380 3071 ista
3405 3014 3623 3071 senilem

2206 3089 2253 3152 C
2286 3105 2617 3177 Solliciteut,
2650 3108 2902 3181 frugique
2926 3110 3045 3164 viro
3072 3108 3339 3181 dignanda
3363 3117 3618 3180 putentur.

2281 3197 2419 3253 Nam
2449 3199 2582 3255 milii
2610 3215 2719 3256 non
2751 3201 2949 3258 saliare
2976 3201 3217 3273 epulum,
3247 3217 3352 3257 non
3380 3215 3519 3258 coena
3542 3199 3757 3270 dapalis,

2279 3289 2505 3359 Qualem
2538 3291 2845 3364 Penelopes
2876 3295 3211 3350 nebulonum
3241 3310 3417 3351 mensa
3438 3307 3723 3365 procorum,

2281 3381 2601 3455 Alcinoique
2634 3384 2827 3443 babuit
2856 3388 3042 3444 nitidae
3069 3389 3210 3444 cutis
3231 3398 3389 3445 uncta
3414 3389 3676 3459 juventus.

2279 3475 2631 3532 Enumerabo
2663 3487 2867 3545 tamen,
2900 3478 3097 3536 famam
3126 3489 3396 3552 testesque
3422 3490 3647 3544 seculus.

2276 3568 2383 3625 Pro
2411 3568 2605 3627 studiis
2634 3569 2915 3628 bominum
2945 3588 3161 3644 semper
3183 3573 3393 3630 diversa
3421 3576 3749 3645 probantum.

2273 3662 2381 3719 Sed
2407 3664 2543 3722 mibi
2572 3681 2682 3734 pra>
2710 3667 2927 3724 eunctis
2952 3668 3390 3742 ditissima,-quae
3416 3669 3733 3726 Medulorum

2274 3756 2482 3813 Edueat
2500 3756 2770 3828 Oceanus,
2803 3776 2927 3830 quae
2956 3759 3355 3832 Burdigalensia
3376 3776 3565 3819 nomen

2270 3850 2457 3923 Usque
2483 3851 2550 3907 ad
2571 3850 2855 3910 Caesareas
2879 3854 3005 3910 tulit
3027 3855 3312 3913 admiratio
3340 3871 3570 3924 mensas,

2269 3944 2388 4001 Non
2422 3945 2638 4002 laudata
2670 3946 2853 4004 minus
2884 3949 3054 4005 nostri
3086 3962 3246 4021 quam
3277 3949 3448 4021 gloria
3476 3950 3597 4004 vini.

2270 4038 2401 4094 11ωο
2430 4037 2571 4093 iuter
2593 4050 2820 4097 cunctas
2848 4042 3081 4111 palmam
3109 4057 3359 4099 meruere
3388 4043 3615 4114 priorem

2267 4129 2533 4188 Omnibus
2558 4145 2626 4187 ex
2661 4130 2823 4204 longo
2853 4133 3191 4189 cedentibus.
3214 4134 3318 4189 l-ta
3348 4144 3402 4190 et
3431 4134 3584 4206 opimi
3628 4137 3656 4200 ἶ

2270 4221 2533 4288 visceris,
2559 4232 2618 4279 et
2650 4224 2820 4291 nivei,
2850 4224 3111 4297 dulcique
3139 4228 3428 4284 tenerrima
3452 4241 3636 4294 succo,
3679 4228 3689 4259 '

2262 4312 2493 4372 Miscent
2519 4330 2831 4387 aequoreum
2860 4318 3007 4374 tenui
3038 4317 3153 4376 sale
3180 4318 3343 4375 tincta
3372 4332 3621 4390 saporem.

2265 4405 2520 4464 Proxima
2550 4409 2660 4464 sint
2685 4414 2911 4480 quaevis,
2934 4410 3031 4467 sed
3054 4412 3212 4484 longe
3240 4413 3474 4484 proxima
3494 4411 3673 4478 multo,

2187 4485 2241 4547 D
2265 4497 2345 4555 Ex
2368 4499 2655 4555 intervallo
2678 4518 2695 4555 ε
2721 4516 2843 4573 quae
2864 4502 3213 4560 Massiliensis
3235 4514 3413 4576 portu,

2258 4592 2391 4658 Quae
2411 4590 2594 4648 Narbo
2614 4591 2681 4648 ad
2707 4592 2934 4650 Veneris
2958 4596 3121 4650 nutrit
3142 4612 3158 4662 3
3181 4596 3434 4668 cultuque
3454 4594 3676 4652 carentia

2261 4683 2683 4756 tlellespontiaci
2711 4703 2830 4757 qum
2859 4673 3307 4761 protegit‘aequor
3330 4689 3495 4762 Abydi
3520 4708 3535 4745 :

2256 4776 2354 4834 Vel
2383 4795 2508 4848 quae
2536 4778 2755 4836 Baianis
2787 4780 3019 4850 pendent
3040 4782 3303 4838 fluitantia
3334 4784 3501 4853 palis:

2253 4867 2550 4925 Santonico
2581 4885 2706 4942 quae
2735 4879 2875 4927 tecta
2905 4868 3021 4929 salo
3047 4892 3059 4926 :
3086 4889 3206 4943 quze
3230 4884 3354 4930 nota
3379 4872 3637 4931 Gennnis:

2254 4962 2363 5017 Aut
2388 4962 2629 5019 Eborum
2659 4964 2856 5021 mixtus
2886 4967 3075 5038 pelago
3099 4983 3223 5039 quae
3250 4971 3475 5039 protegit
3500 4966 3662 5023 amuis
3681 5007 3702 5032 ,

2253 5053 2322 5111 Ut
2352 5055 2521 5111 multo
2544 5056 2760 5128 jaceant
2790 5057 3028 5130 a'gznrum
3057 5059 3298 5116 obducta
3318 5075 3560 5125 recessu;

2245 5148 2450 5216 Aspera
2476 5162 2599 5220 qnae
2624 5151 2802 5218 testis,
2829 5162 2885 5207 et
2909 5153 3089 5221 dulcia
3113 5151 3274 5210 farris
3302 5156 3509 5227 opimoe.

2246 5239 2384 5296 Sunt
2413 5249 2469 5297 et
2498 5239 2798 5297 Aremorici
2828 5242 2918 5314 qui
2955 5244 3174 5301 laudent
3200 5255 3381 5301 ostrea
3407 5244 3575 5317 ponti:

2244 5334 2313 5392 Et
2340 5352 2462 5408 qua:
2492 5335 2752 5393 Pictonici
2782 5336 2911 5411 legit
2932 5338 3113 5396 accola
3136 5340 3337 5396 littoris
3364 5358 3378 5393 :
3408 5350 3588 5409 etquae

2237 5428 2369 5485 ntra
2395 5428 2726 5485 Caledonius
2746 5444 3144 5502 nonnumquam
3176 5433 3377 5501 delegit
3401 5445 3571 5485 affatus.

2238 5518 2550 5586 Accedunt,
2579 5534 2700 5592 quae
2727 5519 2901 5594 (lama
2930 5525 3152 5593 recens)
3183 5521 3429 5593 Byzantia
3461 5520 3621 5577 subter

2235 5610 2464 5679 Littera,
2489 5619 2545 5668 et
2572 5611 2763 5667 insana
2788 5619 3043 5684 generata
3072 5612 3409 5681 Prupumidis
3441 5625 3571 5674 aula.

2232 5704 2473 5762 Promoti
2497 5704 2764 5763 celebrata
2791 5705 2945 5763 ducis
2972 5707 3047 5764 de
3069 5709 3304 5773 neruiue,
3345 5709 3562 5761 laudant.
