4150 6167
139 201 188 261 tol
711 200 855 259 clltlletl
874 200 1067 260 PASGHALE.
1087 200 1152 259 tllt.
1174 201 1206 257 t.
1733 212 1786 271 'loo

205 319 288 392 312
307 316 385 375 Coelo
414 317 572 378 assertore?
592 318 629 375 dt
642 333 694 377 uec
718 319 760 378 sic
786 325 978 393 agnosceret
1063 319 1122 376 lor
1138 320 1239 377 emissa
1250 332 1300 376 suo
1316 321 1587 392 respouditcousona
1600 326 1695 383 rerba.

745 413 897 488 [Christum
1005 411 1043 469 20
1097 412 1788 490 brunnatunosacraecelqbranspermoneraroenae

206 507 282 565 Gens
295 504 490 564 voluitludrea
504 505 607 575 benum
623 521 759 580 parsesse
772 507 898 575 larebat,
1060 505 1211 563 Pascbeles
1228 520 1261 562 er
1279 519 1357 564 more
1372 506 1475 577 dapes,
1492 508 1679 583 humilemque
1706 513 1789 571 mini·

207 598 265 657 lloc
287 597 441 657 tonitrum:
465 613 531 673 pars
550 599 702 673 angelicam
727 599 873 672 crepuisse
893 597 935 655 lo·
1681 604 1784 678 [strum

190 759 193 764 ,
762 691 897 764 [quelanr.
1059 688 1096 748 Se
1110 688 1233 758 iaciens,
1251 702 1279 748 et
1298 701 1376 764 qrata
1390 692 1450 750 suis
1464 694 1589 767 exempla
1608 696 1787 769 relinquens,

209 787 315 859 Opens
333 800 405 844 caeca
419 785 518 857 oculis,
532 801 629 859 opens
639 786 787 844 durissima
797 786 898 843 cordel
1060 780 1198 854 Assurgit,
1206 783 1464 856 lamulisquelibens
1470 779 1618 843 lamulainr
1628 799 1672 857 ,et
1680 805 1790 848 omnnem

155 879 190 936 {5
207 878 267 936 Non
279 881 397 936 tonitrus
409 878 660 950 potuitClrristnm,
671 879 856 951 sireanqelus
867 877 939 934 ullus
1062 874 1188 932 Linteolo
1198 876 1337 933 accinctus
1351 888 1456 935 tanturn
1471 879 1613 938 inclinarit
1628 882 1764 941 bonorem
1780 926 1789 953 ,

206 972 356 1029 Auctorem
369 984 521 1042 generasse
533 987 627 1043 suum,
646 971 704 1044 qui,
721 971 834 1027 nomine
849 970 939 1027 Patris
1007 967 1044 1025 25
1064 968 1210 1039 bisctputls
1225 979 1254 1024 ιιι
1267 978 1366 1041 sponte
1379 970 1473 1029 lavans
1487 975 1604 1046 vestigia
1620 978 1736 1044 aurietis,

208 1065 322 1134 Audito,
334 1080 471 1138 responsa
485 1065 578 1133 daret,
590 1066 639 1124 sed
661 1066 697 1123 ab
709 1081 759 1123 ure
774 1064 919 1136 Tonantis,
1062 1060 1119 1117 Nec
1131 1060 1230 1118 ludam
1255 1063 1411 1134 exciperet,
1435 1078 1518 1134 quem
1547 1066 1710 1137 proditionis
1740 1070 1793 1127 iui-

207 1157 290 1232 313
304 1156 941 1230 Natumaqnnseentls‚populusquucreueret
1711 1159 1791 1234 [φη

823 1247 939 1321 [astans
1066 1246 1186 1305 Noverat
1209 1257 1362 1307 auctorem.
1381 1249 1436 1308 Sed
1452 1251 1489 1310 nil
1505 1251 1552 1310 tibi
1566 1253 1673 1325 qluria,
1687 1270 1760 1313 sare

135 1473 231 1534 ludra
253 1486 321 1545 qens
343 1470 463 1542 perlida,
492 1483 554 1542 quae
580 1465 689 1539 pondus
715 1473 797 1520 tantre
816 1463 942 1520 veritatis
993 1471 1094 1531 puncta
1111 1460 1189 1518 turba
1206 1461 1287 1518 nimis
1302 1462 1443 1519 incredula
1459 1477 1522 1521 sero
1536 1464 1656 1523 caelitem
1675 1466 1795 1526 deduce·

135 1567 300 1632 audiuerat,
314 1577 487 1635 nequaqnam
503 1560 588 1627 siunis
599 1559 637 1615 ita
649 1558 801 1615 manifestis
813 1557 939 1627 impulsa,
993 1561 1037 1609 ret
1047 1553 1079 1609 ad
1092 1552 1184 1611 fidem.
1196 1554 1253 1610 lloc
1262 1565 1305 1612 est
1315 1555 1529 1627 itaque,Patrem
1542 1558 1795 1633 l'iliorespondere,

137 1659 252 1715 bomini
265 1657 332 1714 lesu
344 1655 448 1713 Christi
464 1653 597 1711 deitatem
610 1652 728 1708 eredidit
752 1650 942 1721 approbatam.
994 1660 1052 1701 suae
1064 1646 1125 1703 roei
1141 1647 1323 1704 consimiliter
1332 1663 1498 1718 consonare,
1510 1654 1640 1723 quoniam
1651 1656 1736 1712 verbo
1749 1672 1796 1727 qe·

135 1754 256 1826 Quidam
270 1753 346 1809 enim
366 1751 512 1820 strepitum
537 1747 622 1803 luisse
638 1745 749 1803 tonitrui
765 1745 942 1812 astruebant,
996 1738 1070 1795 nitus
1084 1739 1197 1796 verbum
1215 1741 1304 1797 Patris
1327 1751 1371 1797 est
1385 1740 1529 1808 ctrrisms,
1544 1754 1572 1800 et
1586 1746 1682 1816 parilis
1702 1750 1796 1820 conje-

135 1848 179 1904 alii
195 1848 319 1904 locutum
335 1845 360 1900 ei
374 1843 502 1916 angelum
528 1838 715 1911 disputabant.
737 1836 761 1893 0
782 1836 861 1908 plebs
879 1851 944 1893 rere
996 1841 1073 1887 etura
1086 1833 1480 1890 sermonisPatremreuelauit
1491 1835 1799 1908 inFilio,Nillunrrere-

135 1955 224 2006 esca,
240 1937 327 1995 eorde
341 1934 505 1993 durissima!
518 1932 553 1988 de
563 1947 616 2003 qua
628 1929 797 2002 prophetans
812 1930 849 1984 ita
860 1928 944 1985 locu·
958 1917 982 1979 B
996 1928 1066 1983 lauit
1076 1926 1201 1984 inPatre.

136 2042 182 2091 tos
203 2043 248 2090 est
270 2030 368 2088 Esaias
382 2040 412 2083 ¹:
435 2027 580 2084 Obcoecacit
596 2025 684 2080 oculos
698 2040 797 2089 eoram,
820 2031 845 2077 et
864 2024 944 2078 iada·
1033 2019 1110 2076 'lune
1123 2022 1208 2079 annui
1227 2032 1402 2080 sacramento
1428 2024 1546 2081 convivii
1571 2041 1632 2082 cum
1657 2027 1799 2098 paschales

134 2129 207 2184 revit
234 2142 281 2182 cer
305 2140 411 2191 eoram,
427 2122 466 2178 ati
481 2137 514 2176 ne
526 2120 631 2175 uideam
646 2117 746 2184 oculis,
761 2126 785 2172 et
795 2116 947 2188 intelllqaat
996 2116 1093 2186 epulas
1103 2116 1254 2173 celebraret
1267 2132 1303 2173 er
1317 2132 1404 2187 rurore,
1420 2126 1450 2174 ut
1463 2119 1647 2177 bumilitatem
1660 2122 1737 2196 diligi
1749 2137 1799 2180 suo

135 2219 232 2284 corde,
257 2228 282 2274 et
307 2223 504 2279 enarer-tantm,
530 2223 554 2268 et
576 2227 668 2267 cursem
690 2227 745 2266 eos.
768 2209 861 2282 Neque
873 2209 946 2265 enirn
997 2212 1089 2280 potius
1100 2210 1229 2267 edoceret
1243 2212 1383 2283 exemplo,
1399 2213 1531 2282 surrexit,
1543 2229 1576 2271 ac
1589 2215 1675 2273 linteo
1688 2234 1718 2275 se
1730 2235 1801 2290 prae-

136 2315 262 2372 tonitrus
277 2312 430 2378 Christum,
445 2319 493 2364 aut
506 2307 630 2378 angelus,
647 2312 785 2375 creatura,
800 2319 878 2360 suurn
901 2320 949 2375 qe·
997 2305 1095 2372 cinxit,
1109 2304 1262 2378 doctorque
1276 2304 1421 2376 discipulis
1435 2307 1569 2364 Dominus
1593 2324 1666 2377 sese,
1691 2311 1800 2370 famulis

135 2406 253 2464 uerarit
264 2413 416 2470 auctorem,
432 2402 477 2458 cui
491 2399 621 2456 clamanti
648 2397 820 2454 conlideuter
840 2395 875 2452 ad
891 2395 944 2451 Pa·
999 2398 1083 2468 pedes
1107 2399 1234 2465 abluens,
1257 2398 1410 2467 inclinarit,
1425 2409 1589 2474 motumque
1602 2419 1662 2460 suar
1674 2405 1803 2477 deposuit

136 2496 277 2565 lffimlilli
301 2494 501 2566 respondisset,
521 2491 655 2557 auratae,
683 2490 733 2546 sed
760 2489 797 2546 ab
822 2502 871 2544 ore
894 2487 944 2543 bei
999 2491 1136 2564 fastigium
1153 2494 1307 2564 potestatis,
1324 2502 1353 2549 ut
1365 2494 1399 2550 ab
1413 2494 1495 2567 bujus
1518 2496 1642 2569 obsequii
1667 2498 1800 2571 dignitate

134 2590 150 2631 δ
165 2589 331 2662 θβθθῑθΙῑῑθῐ
345 2585 445 2653 Psilis,
457 2583 503 2657 qui
514 2583 614 2640 Filium
629 2581 845 2652 l0i0⁰⁰l¹¹⁰lils
870 2580 944 2638 relo-
999 2584 1157 2641 recludam
1168 2583 1279 2642 lecisset
1291 2596 1440 2654 exsortem,
1453 2603 1535 2658 qnenr
1550 2588 1675 2648 netandae
1688 2605 1803 2654 noverat

134 2703 230 2760 quens
255 2700 309 2742 ros
331 2682 476 2755 processit,
501 2687 532 2737 ut
553 2677 605 2736 trae
627 2679 723 2736 saltem
748 2678 855 2734 ratione
869 2691 946 2733 corne
1001 2676 1165 2748 proditionis
1178 2687 1331 2736 auctorem.
1354 2678 1409 2737 Sed
1423 2677 1492 2736 nihil
1507 2680 1689 2754 buncqloriae
1704 2699 1803 2746 conse·

887 2813 1047 2874 SCHOle.

133 2929 263 2981 ctuntur.
281 2915 373 2973 Tertia
386 2925 484 2970 manus
504 2910 531 2965 in
558 2907 654 2966 endem
668 2909 761 2964 drntz.
774 2906 943 2980 clarificans,
998 2917 1073 2963 etum
1089 2907 1188 2962 dedito
1203 2924 1328 2981 responsa
1341 2911 1426 2967 daret.
1439 2912 1468 2969 ln
1489 2929 1550 2972 meo
1569 2917 1631 2975 cod.
1652 2935 1798 2997 corruptus

134 2993 212 3065 quod
222 2988 337 3053 Perrh..
348 2998 374 3041 et
390 2982 500 3040 schedae
508 2979 761 3038 Paolumexbibeut.
774 2979 839 3034 Nini
854 2982 946 3036 uerior
996 2987 1039 3035 et
1052 2979 1132 3034 etiam
1150 2980 1193 3035 lric
1206 2980 1281 3035 loeus
1296 2980 1396 3037 Audito
1407 3000 1529 3053 resperas
1540 2987 1612 3045 dato.

134 3066 254 3121 ridetur
267 3060 353 3116 lectio
368 3053 542 3125 Clariqicud05
557 3068 620 3107 narn
648 3050 765 3107 fortasse
779 3049 943 3120 Ginrificem·
1031 3050 1078 3106 20.
1101 3051 1168 3121 lleq.
1187 3052 1212 3106 l.
1234 3048 1274 3108 Dc
1285 3069 1313 3106 eo
1323 3096 1330 3118 ,
1341 3057 1449 3123 quaudo
1461 3056 1650 3127 discipulorum
1663 3065 1740 3131 pedes
1753 3067 1796 3123 la·

132 3154 186 3209 qae
198 3137 238 3191 ab
248 3132 343 3202 aliquo
357 3127 469 3183 librario
481 3124 613 3194 scriptum
627 3123 688 3189 luit,
702 3123 749 3193 qui
772 3123 944 3190 conjunctio·
994 3121 1042 3174 vit.
1063 3120 1179 3190 Arata,
1195 3123 1251 3178 tltt.
1275 3122 1313 3186 ἲ,
1330 3125 1462 3181 celebrans
1477 3131 1592 3185 castricio
1609 3149 1688 3191 cane
1699 3152 1710 3192 ,·
1723 3140 1796 3205 quoq

242 3220 276 3260 ae
290 3200 469 3258 necessariam
481 3195 688 3251 existimaverit.
708 3194 784 3249 dilus
807 3194 942 3261 censebit,
994 3207 1027 3246 es
1043 3207 1123 3262 prusa
1148 3193 1255 3262 polulus
1274 3193 1383 3265 accipis.
1405 3197 1450 3255 Sic
1466 3199 1548 3270 dapes
1566 3214 1608 3257 est
1624 3213 1796 3268 accusativus

133 3224 202 3264 nem

134 3224 347 3348 clamarentque
361 3273 395 3325 ab
409 3268 625 3336 exscriptoribus
638 3267 665 3320 iu
676 3263 831 3336 clarificatio
855 3273 943 3321 ntula·
994 3264 1184 3334 appositionis.
1202 3263 1278 3320 bicos
1297 3266 1431 3325 celebrans
1446 3287 1493 3336 pro
1512 3289 1619 3330 messere
1632 3292 1729 3335 coeuoe:
1742 3298 1795 3339 ιω.

132 3361 209 3414 ιιιιιι,
227 3346 293 3414 quia
308 3346 360 3399 boc
382 3341 484 3397 clarius
494 3347 546 3394 est.
571 3336 599 3392 Ιιι
626 3336 686 3393 Vel.
710 3339 722 3390 l
756 3336 884 3392 urendum
900 3329 980 3393 estC
996 3337 1046 3391 teri
1058 3334 1191 3390 celebrans
1206 3352 1251 3404 per
1261 3353 1369 3391 erronem
1381 3356 1468 3396 coeuoe.

131 3419 346 3491 clarificemqae
359 3415 466 3478 lteram·
480 3409 597 3480 apertius
611 3424 620 3463 :
634 3406 806 3464 desideratur
817 3407 890 3480 quid.
1033 3405 1079 3460 al.
1092 3405 1193 3462 Omnes
1210 3421 1289 3472 mss..
1306 3417 1333 3463 et
1347 3409 1414 3466 editi
1426 3413 1588 3484 ministrum,
1601 3431 1716 3487 arrepto
1729 3439 1793 3494 per.

172 3494 228 3548 ii.
252 3489 379 3557 Plerique
394 3498 461 3539 mss.
486 3498 517 3535 oc
542 3495 610 3535 uec:
638 3478 764 3533 nonnulli
789 3480 892 3549 vulgati
919 3486 946 3532 at
998 3477 1111 3548 antiqno
1131 3477 1225 3532 codice
1251 3477 1433 3547 Taurineusi,
1449 3483 1475 3539 in
1491 3500 1546 3555 quo
1566 3494 1774 3557 estmaqisrram

129 3583 196 3621 suec.
222 3562 369 3618 Grunerus
388 3555 509 3612 malebat
527 3568 574 3605 nec
599 3566 648 3621 prn
669 3567 712 3604 ae.
735 3549 827 3605 Nostri
850 3563 947 3604 nutries
998 3550 1070 3673 quod
1092 3549 1221 3603 sustineri
1247 3550 1338 3621 aliquo
1362 3562 1442 3620 paeto
1474 3565 1562 3622 potest
1588 3575 1622 3615 ex
1648 3538 1796 3635 Erarrqattss

129 3651 209 3694 tues.
232 3644 381 3705 liquescere,
395 3636 510 3696 excepto
524 3622 713 3678 recentissimo
728 3622 822 3677 codice
836 3620 903 3690 Nep.
917 3621 944 3688 5,
1014 3632 1097 3674 oaun.
1110 3635 1135 3674 c.
1148 3634 1210 3687 ιιιι,
1226 3634 1298 3675 vers.
1314 3622 1347 3675 li
1360 3636 1450 3693 seqq„
1461 3623 1514 3682 Vos
1526 3631 1622 3685 uocatis
1637 3634 1797 3710 mediaque.

126 3706 160 3764 in
175 3722 246 3778 quo
258 3712 301 3759 est
311 3712 477 3773 coquerem,
489 3693 561 3765 quod
574 3709 637 3749 curm
651 3692 743 3762 Cant,
757 3692 832 3756 ΑΜ..
845 3704 872 3747 et
884 3692 947 3748 aliis
999 3697 1037 3744 ter
1049 3699 1073 3744 et
1089 3688 1220 3746 Domine:
1235 3699 1258 3746 et
1282 3692 1344 3746 dene
1357 3691 1443 3747 dicitis
1454 3713 1464 3749 .·
1477 3714 1535 3752 caru
1556 3703 1660 3757 etenira.
1682 3704 1713 3761 Si
1734 3722 1797 3780 erqo

127 3779 230 3836 editis
242 3775 382 3830 Gruuerus
399 3781 426 3826 et
445 3765 609 3823 brutaenius
630 3763 789 3834 praeierunt.
805 3764 948 3819 Gruuerus
998 3776 1045 3832 eqo
1061 3760 1115 3815 lari
1130 3763 1208 3832 pedes
1231 3770 1327 3818 nestros
1346 3761 1475 3822 Dominus
1496 3777 1520 3823 et
1544 3769 1685 3841 ldaqisler:
1707 3787 1732 3832 et
1754 3796 1798 3834 „0⁸

127 3848 261 3907 Bartlrin
274 3844 390 3914 ailinqit,
406 3840 478 3911 quod
494 3838 521 3893 iu
536 3837 596 3906 ejus
610 3835 844 3892 codiceiuuenerit
856 3833 948 3890 celum
999 3831 1096 3887 dederis
1120 3832 1186 3887 alter
1208 3832 1318 3889 alterius
1344 3834 1432 3892 meare
1446 3840 1534 3906 pedes.
1558 3839 1714 3917 Eceruplum
1728 3851 1798 3905 errem

126 3938 186 3995 pro
204 3916 356 3977 Cicirrum.
369 3914 403 3969 Αι
415 3910 540 3966 Bartlrius
550 3909 569 3963 l.
584 3922 630 3963 nrrt
646 3906 771 3972 Adsere..
786 3923 810 3962 e.
823 3907 850 3973 3,
870 3921 948 3963 esna
999 3901 1061 3957 dedi
1074 3904 1156 3972 voda,
1168 3912 1221 3959 ete.
1237 3905 1316 3978 Sape
1329 3906 1355 3960 iu
1365 3921 1430 3962 mss.
1448 3912 1562 3967 coulusa
1572 3918 1692 3985 reperies
1706 3920 1798 3977 aduis-

127 3994 243 4051 codice
254 3986 349 4045 relect.
362 3995 390 4040 et
404 3990 496 4039 tuetur
509 3996 556 4036 nec
573 3979 610 4033 sic
624 3994 776 4049 aquiescere:
792 3986 819 4034 et
833 3978 949 4034 subinde
1000 3983 1058 4040 ter,
1073 3984 1101 4030 et
1116 3976 1237 4042 aruqister
1251 4017 1259 4042 ,
1274 3979 1398 4047 quamvis
1412 3980 1501 4051 reipsa
1515 3983 1591 4040 valde
1605 3987 1678 4044 inter
1692 4004 1723 4046 se
1736 3990 1795 4048 dis·

127 4065 278 4133 explicas,
294 4054 387 4113 celum
404 4057 431 4111 in
444 4053 535 4108 serbis
548 4050 736 4120 superioribus
749 4049 812 4105 calo
823 4059 950 4106 amatore
1000 4056 1122 4111 crepent.
1153 4045 1183 4102 ln
1197 4044 1264 4105 llrb.
1279 4063 1358 4105 error
1382 4057 1426 4106 est
1450 4052 1642 4127 admaterialis,
1657 4061 1704 4117 sed
1723 4063 1796 4121 aliud

127 4136 214 4193 sumi
231 4147 283 4199 pro
300 4129 367 4193 bea,
383 4140 411 4183 ut
424 4124 494 4193 apud
509 4123 677 4187 Petronium,
693 4118 880 4176 Ncmucaelum
899 4138 949 4190 pu·
1000 4114 1063 4173 luit.

127 4217 185 4263 rar.
212 4199 473 4264 Nebrissensisait,
489 4194 554 4268 poni
573 4189 749 4248 masculinum
761 4206 811 4263 pro
832 4201 948 4261 neutro,
1036 4187 1083 4242 22.
1104 4185 1233 4256 Exempla
1256 4203 1305 4261 pro
1333 4194 1495 4265 exemplam:
1512 4195 1576 4256 ride
1601 4208 1658 4257 not.
1675 4203 1709 4261 nd
1730 4206 1798 4262 lira·

123 4289 161 4336 nt
173 4288 292 4345 tempas
307 4280 435 4343 repertor.
1001 4267 1076 4315 cont.
1094 4274 1140 4328 m,
1162 4259 1227 4316 etl.

172 4347 228 4404 12.
249 4347 462 4402 brutrucum:
478 4338 600 4395 alileam
623 4349 703 4406 prosa
732 4332 825 4390 Decem.
841 4333 903 4391 ilat.
921 4337 950 4405 l,
1037 4331 1083 4415 ἓξ.
1104 4331 1171 4403 Nep.
1186 4331 1275 4396 l,0tt.
1289 4336 1316 4402 l,
1333 4335 1493 4407 famulatus:
1506 4340 1555 4397 sed
1572 4343 1598 4396 ln
1620 4343 1686 4418 itaq.
1703 4347 1716 4403 l
1731 4363 1794 4404 cor·

124 4434 192 4495 pro
209 4418 245 4471 d.
259 4432 283 4472 s.
299 4428 361 4485 pers
371 4428 424 4467 oue
436 4409 544 4482 saciet,
560 4424 615 4464 nort
633 4404 715 4463 male.
1002 4411 1089 4486 rectio
1099 4413 1140 4457 est
1151 4403 1313 4476 famulatur,
1330 4411 1456 4476 quamvis
1466 4410 1556 4467 adbuc
1570 4415 1659 4481 glossa
1674 4418 1796 4474 parumn,

173 4490 229 4547 ¹5.
245 4488 376 4556 Plerique
388 4482 518 4557 crepuisse
530 4497 540 4536 .·
554 4479 622 4552 leeg.
637 4480 663 4543 l,
687 4477 861 4548 increpuisse,
878 4475 950 4547 quod
1001 4489 1059 4544 epse
1072 4474 1188 4530 alterurn
1204 4476 1317 4533 indicet.
1331 4476 1359 4533 lu
1370 4478 1458 4537 llatic.
1474 4483 1499 4550 l,
1515 4492 1558 4538 est
1569 4484 1732 4556 scurrulam,
1748 4491 1796 4546 sed

124 4558 308 4634 elegantius
321 4556 439 4613 ridetur.
454 4555 585 4621 Quarnris
596 4557 622 4606 ιιι
633 4550 753 4605 ablativo
765 4549 950 4620 sinqularidi·
1003 4544 1078 4601 aliud
1091 4545 1162 4625 ituit,
1178 4557 1205 4602 ct
1219 4548 1311 4619 glossa
1328 4548 1474 4608 deservieras
1493 4555 1580 4625 arguit
1598 4556 1753 4629 [amatium.
1767 4563 1796 4617 1,.

124 4632 345 4693 essarcusttra,
354 4626 559 4691 etindatiuo,et
568 4622 688 4677 ablativo
696 4620 791 4691 plurali
799 4619 951 4687 tonitribus,
1004 4618 1141 4673 norrnullrs
1155 4616 1217 4673 aliis
1236 4633 1302 4675 mss.
1328 4621 1442 4679 dubium
1457 4633 1516 4695 est,
1533 4627 1726 4698 reclamabitur
1762 4651 1798 4688 nu

124 4716 244 4762 tamen
258 4701 380 4766 tumme,
397 4697 487 4754 tonitri
500 4693 648 4751 rrraseulino
665 4707 768 4764 qerrere
781 4691 988 4793 declinatum„
1004 4685 1147 4760 [emulatus
1170 4689 1385 4773 sit-legendum.
1406 4695 1546 4754 Sententia
1562 4701 1691 4757 utrolibet
1716 4677 1799 4762 ..1’040

122 4774 366 4839 antrustionum,
382 4769 499 4826 lorritrrsr‘.
1001 4770 1124 4815 constat:
1142 4762 1169 4816 itt
1179 4762 1260 4818 editis
1272 4763 1361 4818 solum
1376 4764 1485 4823 invenio
1493 4768 1648 4839 [emulatur.
1660 4773 1800 4846 Wopkeq.

167 4847 230 4905 ts.
252 4843 339 4900 Crrdd.
354 4843 439 4910 blm,
453 4843 560 4907 bruta,
575 4835 680 4901 bastin,
691 4846 719 4890 et
730 4833 851 4905 plerique
862 4833 949 4888 nostri
1002 4831 1060 4885 sius
1075 4830 1155 4886 iidem
1170 4835 1281 4903 exponit
1297 4849 1345 4899 per
1358 4836 1487 4911 denique,
1504 4854 1536 4897 aa
1547 4840 1645 4900 sintina
1658 4845 1717 4902 1002
1732 4849 1801 4902 3150.

121 4935 202 4978 ωσι
225 4914 343 4978 Parrb,
359 4913 459 4970 ateiris
470 4911 552 4966 adius
565 4907 646 4963 Num.
658 4907 780 4961 tonitrus.
797 4903 947 4970 lleus,lat.
1003 4917 1063 4956 rum
1076 4901 1182 4986 profert
1195 4921 1202 4958 ε
1217 4904 1244 4959 in
1260 4905 1358 4974 quibus
1378 4917 1468 4965 tarrren
1490 4912 1593 4981 pariter
1605 4915 1687 4971 libens
1699 4933 1748 4989 pru
1759 4916 1801 4972 sl-

119 4994 158 5060 2,
175 4990 291 5054 Cant,
302 4995 332 5043 et
346 4982 471 5056 quaedam
491 4981 628 5038 editiones
642 4976 705 5033 Nou
725 4977 847 5044 tonitrus,
877 4974 949 5046 quod
1002 4979 1055 5036 tro,
1068 4972 1175 5028 lubenter
1185 4978 1271 5045 accipi
1284 4986 1383 5040 potest.

117 5062 307 5122 Grnnerus.
323 5067 353 5114 ct
365 5054 527 5111 amisarius
538 5051 698 5114 ediderunt,
712 5048 775 5120 qula
791 5047 897 5118 planior
911 5048 951 5103 sie
1031 5042 1099 5127 .²⁴·.
1111 5043 1169 5100 lar.
1185 5044 1221 5117 2,
1235 5045 1374 5103 inclinaret
1388 5052 1533 5110 bonorem:
1552 5057 1745 5127 corrigendum
1757 5059 1801 5114 irs·

116 5133 245 5191 essert
264 5142 377 5195 mneos,
393 5137 421 5183 et
433 5126 504 5180 lavet
516 5137 608 5194 prosa.
622 5121 650 5177 ln
667 5121 725 5176 tlte.
738 5118 756 5174 2
768 5118 896 5174 mendum
908 5126 952 5173 est
1004 5114 1119 5169 eleuant.

116 5202 397 5264 Numerabimus.
410 5196 614 5266 llnrnpoterit:
629 5189 895 5263 retinepotait.Plerl
918 5203 951 5244 ue
1039 5185 1086 5242 25.
1105 5184 1226 5269 ‘Vcsliqia
1236 5187 1401 5260 aliquando,
1416 5201 1446 5250 ut
1459 5194 1520 5265 llic,
1533 5209 1598 5252 sunt
1608 5200 1673 5270 ipsae
1683 5199 1801 5271 plantae:

115 5293 208 5337 mss.
245 5271 526 5341 eterlitiscuauqelss
536 5280 599 5322 enm
614 5264 704 5319 biatu:
715 5263 760 5318 alil
772 5263 823 5316 sine
833 5277 897 5332 euqe
911 5276 951 5316 us.
1004 5257 1074 5313 alias
1088 5271 1113 5312 st
1134 5272 1166 5312 ua
1187 5261 1286 5328 pedum
1301 5263 1382 5317 elicui
1402 5265 1466 5322 loco
1481 5269 1625 5339 impressa.

167 5317 231 5404 ¹6⁰.
256 5343 318 5398 ilat.
333 5342 362 5409 l,
376 5340 461 5406 ileos,
478 5338 557 5393 Nom.
573 5352 623 5408 pro
643 5336 672 5391 d.
691 5350 715 5390 s.
742 5347 866 5462 generare
880 5347 889 5386 :
904 5330 952 5386 alil
1041 5330 1087 5384 io.
1108 5273 1164 5384 8η.
1178 5329 1208 5398 2,
1226 5328 1282 5385 Nec
1298 5330 1398 5389 dudam
1415 5340 1542 5406 spreuit:
1555 5341 1600 5394 alli
1616 5382 1624 5406 ,
1638 5340 1695 5397 Nec
1708 5341 1807 5402 ladam

116 5431 309 5499 percaute,
325 5413 398 5485 quod
410 5412 527 5468 lortasse
540 5411 622 5493 etiam
637 5406 689 5463 luit
702 5407 729 5461 in
764 5415 802 5461 at.
815 5407 841 5460 l.
1007 5401 1228 5486 reciperetqquud
1242 5413 1349 5474 ternpus
1362 5411 1497 5492 particula
1512 5418 1542 5464 st
1555 5413 1714 5482 precedens
1724 5430 1809 5491 expu-

164 5492 229 5550 17.
247 5486 286 5543 lu
298 5485 366 5557 [ιιι.
386 5485 399 5540 l
416 5493 477 5541 erat
499 5480 626 5536 dudrtcre
639 5494 735 5549 sponsa
748 5476 843 5532 daret:
863 5488 956 5532 eorre-
1008 5483 1078 5539 sert;
1093 5482 1121 5529 et
1134 5474 1216 5530 srmrlr
1227 5474 1309 5532 modo
1322 5478 1447 5546 procedre
1460 5493 1553 5550 presa.

165 5643 185 5673 ⁶
202 5627 332 5698 Capru
345 5624 522 5710 lesimuers.
535 5623 604 5708 lo..
928 5689 934 5702 ι
1014 5613 1134 5674 loretus.
1160 5612 1276 5674 videtur
1301 5615 1385 5676 etiam
1412 5624 1597 5694 reponendum
1627 5627 1675 5687 itta
1705 5647 1813 5708 rupen.

161 5705 183 5750 ὓ
198 5702 309 5762 Vetus
321 5699 409 5757 codex
420 5698 473 5754 drei
487 5711 537 5769 pro
555 5694 613 5752 bes.
640 5690 764 5752 lleudum
784 5690 951 5749 emaculerrt
1009 5687 1094 5744 deret.
